2280 3870
398 341 456 383 oua
477 340 554 383 onus
577 327 676 384 nouo?
901 322 964 380 123

396 501 479 560 GAP.
503 501 615 559 XVIH.
639 499 686 560 a.1

111 617 187 684 Quod
209 618 237 671 in
258 619 315 673 Deo
337 636 391 673 non
414 619 449 672 sit
470 619 615 672 necessitas
638 619 683 673 vel
700 618 912 687 impossibilitas,
936 612 964 671 ot

128 689 192 758 quid
210 690 245 743 sit
261 691 406 744 necessitas
425 706 534 759 cogens,
554 693 581 743 11
599 690 744 744 necessitas
762 707 816 743 non
835 705 940 759 cogens

75 825 78 830 “
177 819 418 878 dasoundam
440 819 584 894 diximus,
609 820 679 896 quia
701 819 783 878 Deus
702 818 982 917 imprpprpe)

109 926 218 984 dicitur
249 926 289 983 ali
309 925 361 983 uid
388 944 448 985 non
475 943 562 1000 posse
589 926 970 1020 11111111111-,11111111

110 1030 215 1091 Omnis
247 1005 549 1108 qmppeneoessims
582 1004 867 1107 etfflpiossibilitas
900 1031 1012 1128 ejust,
1082 1104 1098 1117 δ’

111 1139 242 1213 subjacet
229 1138 425 1197 tvoluntati.
475 1137 562 1195 1111111
595 1143 644 1195 aut
643 1156 692 1196 em
720 1138 856 1196 voluntas
885 1136 980 1194 nulli
981 1102 1062 1269 Ω)
1101 1162 1109 1193 t

110 1244 245 1302 subditur
263 1243 431 1302 necessitati
449 1247 500 1301 aut
518 1243 756 1319 impossibilitati.
724 1242 868 1301 tNihil
882 1242 1001 1303 enimr,

109 1355 156 1409 est
182 1350 382 1409 necessarium
407 1353 459 1407 aut
484 1349 680 1425 impossibile,
712 1349 772 1408 nisi
799 1349 868 1426 quia
895 1349 960 1424 ipse
987 1313 1117 1433 fflf'*

109 1457 158 1513 ita
177 1456 255 1532 vult;
283 1456 384 1531 ipsum
409 1474 478 1514 vero
501 1461 552 1514 aut
573 1456 651 1514 velle
674 1463 725 1513 aut
747 1455 826 1514 nolle
849 1455 962 1530 aliquid

110 1566 229 1637 propter
246 1562 452 1621 necessitatem
464 1565 516 1620 aut
528 1561 807 1638 impossibilitatem,
831 1561 962 1619 alienum

110 1678 156 1727 est
178 1686 196 1725 a
217 1668 346 1727 veritate.
381 1667 488 1741 Quare,
512 1669 650 1744 quoniam
664 1669 773 1742 omnia,
797 1685 872 1743 quae
886 1667 959 1741 vult,

110 1779 140 1832 11
166 1792 226 1832 non
252 1774 312 1832 nisi
339 1792 414 1850 quae
435 1765 516 1847 vult,
541 1774 624 1833 facit:
655 1775 731 1833 sicut
753 1774 837 1831 nulla
859 1790 960 1831 neces-

113 1881 185 1938 sitas
213 1880 276 1939 sive
302 1880 525 1956 impossibilitas
553 1881 701 1957 praecedit
724 1881 788 1955 ejus
810 1879 888 1938 velle
910 1883 964 1937 aut

110 1986 202 2060 nolle,
226 1986 268 2044 ita
290 2005 345 2046 neo
367 1988 432 2061 ejus
455 1987 550 2046 facere
573 1992 624 2045 aut
646 2006 706 2046 non
728 1986 836 2060 facere,
861 2003 963 2061 quam·
1030 2053 1031 2056 Ἴ

109 2092 157 2150 vis
179 2092 273 2150 multa
296 2093 368 2151 velit
390 2093 612 2151 immutabiliter
634 2098 664 2151 et
687 2093 781 2151 saciat.
814 2092 853 2150 llt
876 2092 961 2160 sicut,

110 2215 179 2257 oum
205 2198 286 2256 Deus
318 2199 389 2258 facit
420 2199 544 2275 aliquid,
577 2204 733 2275 postquam
765 2200 876 2258 factum
908 2203 965 2272 est,

108 2304 170 2380 jam
201 2323 261 2363 non
293 2309 390 2380 potest
421 2324 481 2364 non
512 2323 578 2363 esse
610 2306 733 2378 factum,
766 2305 818 2363 sed
846 2322 962 2379 semper

110 2428 213 2469 verum
240 2415 286 2469 est
312 2412 424 2469 factum
451 2429 528 2485 esse,
556 2430 611 2470 nec
634 2416 732 2469 tamen
755 2415 833 2469 recte
855 2410 964 2468 dicitur

111 2516 294 2593 impossibile
313 2516 375 2575 Deo
399 2535 476 2590 esse,
499 2522 534 2575 ut
552 2518 652 2590 faciat,
676 2517 753 2593 quod
772 2516 964 2593 praeteritum

109 2626 168 2696 est,
191 2641 251 2681 non
269 2640 335 2681 esse
352 2623 556 2699 praeteritum,
580 2624 656 2680 nihil
675 2623 755 2681 enim
772 2622 814 2680 ibi
828 2626 965 2696 operatur

109 2728 271 2787 necessitas
293 2747 353 2787 non
376 2730 502 2788 faciendi
525 2736 576 2787 aut
588 2728 811 2804 impossibilitas
825 2726 962 2801 faciendi,

111 2834 163 2893 sed
194 2834 250 2893 Dei
282 2834 344 2894 sola
375 2835 524 2910 voluntas,
558 2836 629 2911 qui2
660 2835 815 2892 veritatem
846 2850 963 2907 semper

111 2939 191 3017 (quia
221 2941 287 3017 ipse
318 2941 427 3000 veritas
460 2941 515 3017 est)
543 2941 768 3014 immutabilem,
802 2939 879 2997 sicut
908 2942 961 3012 est,

111 3065 176 3105 esse
203 3047 275 3105 vuit
321 3047 367 3106 Ita
395 3049 421 3106 si
444 3047 581 3124 proponit
604 3065 635 3105 se
658 3046 770 3122 aliquid
793 3044 962 3103 immutabi-

110 3152 177 3212 liter
200 3153 358 3227 facturum,
382 3154 517 3230 quamvis
541 3153 618 3229 quod
632 3152 781 3229 proponit,
804 3155 963 3228 antequam

174 3272 184 3301 ²
202 3273 235 3324 al.
256 3273 316 3339 Cap.
336 3273 424 3325 XVII.
499 3271 510 3301 ²
527 3272 560 3324 al.
580 3288 642 3338 quo.
688 3277 691 3283 '
