2280 3870
401 370 459 414 oue
480 369 559 414 nnus
582 352 684 415 nono?
930 352 971 414 53

117 531 149 589 in
171 530 232 590 illis
254 531 333 590 victa
360 536 419 605 est,
452 536 486 589 ut
513 537 649 608 peccaret
677 530 811 609 (excepto
834 532 886 591 illo
910 532 972 591 eolo

116 637 243 712 homine,
266 655 356 714 quem
376 638 458 698 Deus
482 638 559 698 sicut
582 639 671 698 scivit
694 639 758 698 eine
780 638 837 696 viri
858 639 972 699 semine

116 744 154 803 de
168 744 284 821 virgine
302 745 411 819 facere,
435 745 479 804 sic
498 746 586 804 scivit
603 764 621 804 a
636 751 758 822 peccato
773 746 855 804 Adae
877 763 972 805 eccer-

117 849 212 930 nere),
239 853 282 911 ita
307 853 341 911 in
368 851 482 910 eisdem
509 857 571 912 tota
598 852 733 926 vicisset,
762 853 875 911 sinon
903 870 973 928 pec-

117 964 242 1018 cassent.
288 959 393 1018 Restat
420 977 502 1035 ergo,
527 964 570 1017 ,ut
596 977 656 1018 non
683 959 829 1036 completa
861 959 892 1017 in
919 959 972 1018 illo

117 1065 213 1142 primo
235 1083 357 1126 numero
380 1067 553 1143 angelorum
576 1084 705 1143 superna
722 1065 838 1140 civitas,
862 1066 917 1125 sed
936 1066 973 1125 de

118 1172 287 1232 hominibus
319 1174 495 1250 complenda
528 1173 623 1232 fuisse
654 1173 777 1232 dicatur.
834 1171 914 1245 Quae
947 1173 972 1232 si

118 1284 181 1338 rata
201 1286 281 1354 sunt,
304 1280 407 1356 plures
425 1286 514 1340 erunt
534 1280 622 1340 electi
638 1280 786 1354 homineS,
805 1298 894 1356 quam
911 1280 973 1339 sint

117 1387 233 1464 reprobi
256 1387 363 1464 angeli.

184 1494 268 1554 Boec.
300 1494 498 1554 Rationabilia
521 1494 594 1552 mihi
612 1493 698 1553 valde
717 1494 870 1567 videntur,
895 1511 971 1570 quae

118 1601 206 1678 dicis;
240 1602 292 1662 sed
320 1601 392 1684 quid
419 1602 565 1671 dicemue‚
598 1601 668 1678 quie
695 1601 804 1677 legitur
831 1601 868 1660 de
896 1599 971 1660 Deo:

117 1708 270 1767 constituit
306 1709 447 1767 terminos
477 1709 662 1785 populorum
690 1709 782 1784 juata
813 1726 973 1766 numerum

117 1815 252 1891 filiorum
267 1815 384 1874 Israel?
392 1815 403 1854 1
432 1814 517 1888 Quod
532 1816 662 1893 quidam,
683 1814 753 1892 quic
767 1833 821 1891 pro
836 1815 971 1890 filiorum

116 1922 209 1981 Israel
230 1923 383 1983 invenitur
405 1923 578 1998 enectorum
600 1922 671 1995 Dei,
697 1923 724 1980 si
746 1926 911 1998 exponunt,
938 1928 973 1980 ut

118 2030 281 2089 secundnm
300 2048 457 2088 numerum
474 2031 616 2090 bonorum
632 2029 805 2105 angelorum
820 2046 973 2088 assumen-

117 2136 174 2195 dus
196 2135 382 2213 intelligatur
403 2155 546 2195 numerus
569 2136 730 2196 electorum
756 2136 918 2195 hominum.

184 2232 315 2303 Anennn.
362 2244 426 2303 Hoc
453 2262 513 2302 non
541 2249 687 2319 repugnat
714 2243 880 2320 praedictae
907 2260 973 2302 sen-

117 2350 239 2424 tentiae,
267 2351 293 2409 si
316 2356 431 2410 certum
454 2369 513 2409 non
536 2356 595 2425 est,
625 2351 704 2427 quod
727 2350 850 2408 totidem
874 2350 973 2425 angeli

117 2456 307 2531 cecidissent,
340 2462 412 2535 quot
443 2462 656 2516 remanserunt.
702 2456 779 2515 Nam
812 2458 838 2515 ei
870 2456 973 2533 plures

118 2569 189 2624 aunt
211 2564 310 2640 angeli
333 2564 434 2637 electi,
459 2582 548 2640 quam
571 2564 696 2640 reprobi,
721 2569 751 2622 et
773 2581 896 2623 necesse
917 2569 972 2636 est,

117 2676 152 2729 ut
173 2672 313 2748 reprobos
340 2671 426 2730 electi
453 2671 588 2730 homines
616 2676 796 2744 restaurent,
824 2676 854 2729 et
876 2677 973 2746 potest
1084 2673 1085 2676 ’

117 2777 194 2851 fieri,
226 2783 261 2837 ut
287 2779 441 2837 beatorum
472 2795 595 2836 numero
628 2783 838 2855 coaequentur,
871 2783 901 2836 et
930 2778 974 2836 sic

117 2884 222 2960 plures
243 2890 332 2944 erunt
354 2886 489 2944 homines
510 2886 598 2960 justi,
624 2903 713 2961 quam
737 2884 836 2960 angeli
859 2884 972 2959 injusti.

119 2987 178 3051 Sed
200 2997 362 3066 memento,
391 3010 450 3069 quo
473 2997 558 3068 pacto
581 2992 679 3067 incepi
703 2998 771 3049 tuae
794 2991 973 3067 respondere

118 3099 298 3175 quaestioni3
331 3105 365 3158 ut
396 3099 547 3174 videlieet,
583 3099 608 3157 si
640 3098 713 3175 quid
746 3099 861 3171 dixero,
895 3097 973 3174 quod

118 3206 213 3282 major
243 3224 303 3264 non
336 3207 490 3265 confirmet
521 3205 694 3280 auctoritaS,
730 3204 865 3281 quamvis
897 3204 974 3262 illud

440 3326 450 3355 ¹
468 3325 547 3379 lleut.
561 3325 616 3394 III,
631 3326 655 3378 3.
