2280 3870
120 361 141 421 4
453 380 476 422 s.
501 381 632 424 11111111

121 541 174 598 sed
206 541 294 598 etiam
326 541 457 599 illiterati
489 542 576 600 multi
604 549 749 618 quaerunt
777 544 976 603 strationem

120 647 183 723 ejus
216 648 391 706 desiderant.
443 648 587 721 Quoniam
623 668 692 724 ergo
725 650 813 707 multi
850 650 886 708 de
918 652 976 710 hae

120 754 239 812 traotari
271 755 436 830 postulant,
469 760 499 813 et
531 756 601 813 11111
633 756 663 813 in
691 757 858 832 quaerendo
886 758 976 816 valde

119 861 254 919 rideatur
277 861 419 935 difficilis,
444 862 474 919 in
490 863 630 920 solvendo
653 869 752 921 tamen
774 864 909 922 omnibus
927 871 975 923 est

119 967 328 1042 intelligibilis,
366 977 395 1027 et
427 974 548 1044 propter
580 970 739 1027 utilitatem
771 970 975 1046 rationisque1

119 1074 371 1149 pulchritudinem
386 1076 528 1134 amabilis.
563 1074 703 1148 Quamvis
719 1096 736 1134 a
753 1077 863 1134 sanetis
879 1077 975 1134 Patri-

119 1181 174 1238 bus
198 1180 276 1255 inde,
300 1183 379 1258 quod
395 1183 531 1240 sufficere
547 1183 664 1256 debeat,
681 1183 794 1240 [11111111
811 1184 858 1256 sit,
875 1188 976 1242 tamen

33 1326 35 1329 -
119 1287 156 1345 de
172 1287 223 1346 illa
239 1290 355 1361 curabo,
379 1289 458 1365 quod
473 1289 545 1346 mihi
561 1290 643 1347 Deus
667 1289 836 1363 dignabitur
851 1290 974 1365 aperire,

119 1394 289 1468 petentibus
314 1396 476 1454 ostendere.
522 1396 561 1454 ut
585 1395 724 1472 quoniam
747 1414 793 1468 ea,
823 1415 898 1473 qrrae
921 1415 975 1471 per

119 1500 380 1576 interrogationem
421 1507 451 1560 et
487 1504 710 1577 responsionem
747 1503 974 1578 investigantur,

117 1608 221 1666 multis
263 1613 293 1666 et
329 1609 458 1667 maxime
500 1609 677 1669 tardioribus
714 1609 841 1685 ingeniis
878 1609 975 1684 magis

117 1719 233 1789 patent,
257 1720 287 1773 et
310 1716 376 1774 ideo
399 1717 469 1791 plus
492 1717 622 1792 placent,
647 1736 739 1775 unum
763 1736 801 1776 ex
825 1717 898 1790 illis,
923 1717 974 1792 qui

117 1820 173 1879 hoo
196 1821 343 1897 flagitant,
376 1823 427 1898 qui
459 1824 537 1881 inter
569 1824 642 1881 alios
670 1824 829 1882 instantius
858 1825 975 1883 adhue

117 1946 165 1984 me
194 1929 345 2003 sollicitat,
378 1930 521 2005 aoeipiam
548 1949 665 1988 meeum
693 1932 907 2007 disputantem,
941 1937 975 1989 ut

117 2034 193 2093 Boso
217 2042 350 2112 quaerat,
375 2042 404 2095 et
422 2039 580 2098 1111111111
604 2039 781 2114 respondeat
805 2039 860 2096 hoo
876 2038 972 2096 modo.

467 2265 557 2329 uAP.
581 2267 622 2330 H.

165 2422 301 2488 Quomodo
321 2424 473 2492 accipienda
491 2427 553 2477 sunt
572 2441 615 2492 oa,
636 2442 702 2493 quae
722 2426 832 2477 dicenda
851 2428 920 2477 sunt.

184 2553 267 2611 Bosa.
315 2553 399 2613 Siout
420 2561 520 2613 rectus
544 2556 614 2613 ordo
639 2555 745 2630 exigit,
769 2560 802 2612 ut
826 2556 975 2631 protunda

117 2658 293 2718 christianae
325 2661 395 2720 fidoi
427 2663 595 2735 eradamus,
628 2663 803 2738 priusquam
833 2681 867 2720 ea
891 2681 975 2738 prae-

118 2783 269 2824 sumamus
296 2768 409 2826 ratione
437 2768 597 2843 disentere,
626 2769 667 2827 ita
694 2769 876 2844 negligentia
901 2769 975 2826 mihi

116 2873 246 2947 ridetur,
276 2874 315 2947 si,
343 2879 501 2951 postquam
528 2876 692 2934 confirmati
721 2894 824 2934 sumus
852 2877 883 2933 in
907 2876 974 2949 fide,

116 2997 176 3036 non
200 2981 367 3055 studemus,
392 2983 471 3058 quod
495 2984 656 3058 eredimus,
680 2983 856 3058 intelligere.
898 2982 975 3056 Qua-

115 3092 237 3162 propter
260 3088 411 3164 quoniam,
440 3090 534 3164 gratia
558 3090 612 3149 Dei
635 3091 856 3166 praeveniente,
885 3092 975 3148 fidem

115 3199 232 3252 nostrae
247 3195 438 3253 redemtionis
455 3196 498 3254 sio
520 3202 592 3272 puto
616 3216 664 3255 me
687 3203 800 3273 tenero,
828 3205 861 3256 ut
886 3198 975 3257 etiam
1030 3208 1034 3216 '

280 3314 286 3343 ยน
306 3314 338 3368 11.
358 3321 383 3368 et
398 3316 640 3385 pulchritudinem
659 3317 795 3371 ueritatis.
