2280 3870
436 344 494 386 cun
517 344 593 387 onus
615 323 716 387 nono?
983 326 1023 387 77
1119 389 1123 401 ,

1048 432 1094 481 bv*
1107 427 1119 441 ”
1132 448 1139 480 i

167 503 239 580 quia
262 521 317 562 nec
335 523 388 580 per
405 503 569 576 Christum,
592 523 649 562 nec
671 505 733 563 ullo
752 505 838 564 modo
862 511 951 582 queat
968 493 1102 595 ῖιοθῖ;
1115 494 1131 575 ⁷,

167 628 250 669 esse:
276 611 346 686 qu1d
370 612 440 670 hurc
462 612 724 687 respondebimus?
858 683 859 687 Ἰ
1058 656 1064 662 ·
1104 682 1112 693 Η

236 719 368 776 Ansanm.
421 716 497 791 Quid
531 719 771 794 respondendum
804 724 850 777 est
880 719 938 794 illi,
973 720 1025 796 qui
1056 711 1112 764 Ψ

167 823 279 882 idcirco
297 825 417 900 astruit,
430 837 507 885 'esse
525 826 721 902 impossibile,
741 827 819 903 quod
837 844 960 885 necesse
979 832 1025 886 θεῖ

166 947 247 1004 θεεθ,
271 931 340 1008 quia
362 933 458 991 nescit
481 933 626 1009 quomodo
650 933 707 991 sit?

235 1037 320 1097 Boso.
368 1036 443 1111 Quia
465 1039 611 1116 insipiens
634 1045 688 1098 est.

235 1146 367 1205 Artenam
412 1146 667 1205 Contemnendum
690 1151 735 1204 θεῖ
755 1165 824 1221 ergo
845 1146 923 1223 quod
942 1146 1023 1206 dicit.

236 1252 320 1326 Bosa.
359 1252 474 1312 Verum
497 1260 555 1330 est;
581 1254 633 1312 sed
656 1254 712 1312 hcc
734 1254 834 1329 ipsum
857 1253 902 1310 illi
926 1258 1024 1312 osten-

166 1360 298 1418 dendum
322 1365 380 1434 est,
410 1379 468 1436 qua
490 1360 603 1419 ratione
626 1361 677 1434 sit,
706 1361 784 1437 quod
806 1364 892 1436 putat
914 1360 1024 1435 impos·
1075 1398 1077 1402 -

167 1467 262 1526 sibile.

234 1575 367 1632 ΑεεειΜ.
423 1575 471 1631 An
507 1593 566 1633 non
601 1574 746 1650 intelligis
779 1593 816 1633 ex
848 1576 908 1648 his,
948 1594 1023 1651 quae

167 1699 258 1757 supra
280 1681 425 1754 diximus,
450 1681 519 1757 quia
541 1699 662 1740 necesse
686 1676 738 1740 est¹
753 1682 868 1758 aliquos
888 1683 1023 1748 homines

167 1788 206 1846 ad
237 1788 450 1847 beatitudinem
482 1789 655 1864 pervenire?
709 1788 786 1846 Nam
825 1789 849 1846 si
884 1788 946 1847 Dec
978 1795 1024 1848 est

166 1885 378 1954 inconveniens
410 1894 559 1954 hominem
592 1913 659 1953 cum
687 1894 785 1971 aliqua
812 1896 931 1954 macula
957 1915 1023 1972 per-

166 2001 276 2060 ducere
299 2003 335 2060 ad
358 2002 426 2076 hoc,
450 2002 488 2059 ad
511 2002 590 2078 quod
612 2002 698 2060 illum
717 2002 782 2060 sine
805 2003 885 2060 omni
907 2002 1024 2061 macula

165 2107 250 2182 iecit,
283 2127 322 2167 ne
354 2114 405 2167 aut
436 2109 505 2167 boni
537 2109 647 2185 incepti
680 2109 843 2186 poenitere,
876 2114 929 2168 aut
956 2127 1023 2185 pro-

167 2214 297 2291 positum
319 2216 443 2292 implere
461 2233 521 2273 non
540 2234 627 2291 posse
645 2216 793 2293 videatur,
818 2217 908 2275 multo
927 2216 1022 2292 magis
1055 2213 1118 2305 λς,
1133 2272 1139 2303 a

166 2328 287 2414 propter
315 2323 438 2382 eandem
465 2323 734 2381 inconvenientiam
762 2324 946 2400 impossibile
968 2330 1022 2398 est,
1045 2329 1139 2405 ‘5052

136 2418 138 2425 ’
166 2427 284 2488 nullum
306 2430 456 2488 hominem
479 2430 516 2488 ad
538 2431 595 2489 hoc
633 2431 735 2489 rovehi
771 2431 808 2488 ad
848 2431 907 2490 uod
925 2432 1005 2490 lactu
1023 2418 1139 2509 ἰχώρ

162 2540 235 2624 θεῖ..1
263 2534 448 2613 Quapropter
470 2543 522 2595 aut
545 2542 629 2595 extra
651 2537 741 2596 fidem
764 2535 955 2596 christianam
977 2538 1022 2621 i.-

166 2643 311 2701 venienda
343 2649 389 2702 est
421 2644 534 2719 peccati
571 2639 748 2717 satisfactio,
782 2644 899 2720 qualem
932 2662 1023 2721 supra

165 2767 233 2808 esse
261 2751 368 2810 debere
391 2751 586 2825 ostendimus,
616 2751 693 2828 qnod
721 2751 805 2834 nulla
826 2749 901 2810 ratic
924 2756 1023 2828 potest

165 2857 335 2932 ostendere,
359 2865 411 2917 aut
434 2859 636 2916 indubitanter
659 2859 690 2916 in
713 2859 765 2918 illa
788 2877 854 2918 esse
875 2859 1021 2918 credenda

165 2968 220 3021 θεῖ.
263 2962 347 3037 Quod
371 2965 450 3024 enim
473 2966 639 3024 necessaria
662 2966 775 3025 ratione
794 2967 937 3025 veraciter
956 2984 1021 3024 esse

164 3070 328 3147 colligitur,
352 3072 382 3129 id
407 3072 438 3130 in
461 3074 574 3131 nullam
597 3073 683 3132 debet
706 3073 814 3132 deduci
832 3073 1021 3147 dubietatem,
1072 3107 1076 3114 ·

165 3177 283 3236 etiamsi
306 3179 408 3254 ratio,1
432 3181 580 3259 quomodo
605 3181 655 3255 sit,
679 3199 738 3239 non
760 3181 931 3257 percipitur.

393 3321 404 3355 ·.
494 3300 504 3329 1
522 3299 555 3353 al.
574 3300 693 3353 ratione.
