2280 3870
400 354 459 399 cun
481 355 558 400 nnus
581 338 682 400 nono?
929 339 969 401 57

182 516 267 576 Boeo.
300 515 368 575 Non
390 534 438 576 me
460 518 600 595 poenitet,
625 517 695 594 quie
714 518 797 594 coegi
816 525 855 592 te,
879 524 914 578 ut
933 518 970 578 de

113 622 230 699 angelis
257 623 335 682 -haeo
366 622 495 700 diceres;
528 641 597 682 nam
629 643 688 684 non
720 626 832 684 frustra
857 627 971 685 iactum

113 735 169 791 est.
215 729 304 789 Nune
325 729 389 789 redi
412 731 450 789 ad
472 730 516 804 id,
540 732 619 790 unde
642 732 769 807 digressi
793 750 905 793 sumus.

341 979 423 1038 our.
447 979 522 1038 xix
550 980 599 1057 (u.
617 980 747 1058 xvim).

114 1117 194 1185 Quod
212 1117 291 1170 homo
309 1111 361 1170 non
380 1117 466 1184 possit
483 1117 582 1171 salvari
595 1118 652 1172 sine
666 1118 770 1187 peooati
782 1118 970 1174 satisfactione.

183 1267 315 1325 Ausnnu.
360 1265 482 1324 Constat
511 1265 608 1324 Deum
636 1265 841 1343 proposuisse,
872 1273 907 1326 ut
933 1268 971 1326 de

114 1372 520 1468 hominibus-angeioanui
543 1373 722 1455 ceciderant,
745 1379 932 1432 restauraret.

182 1479 267 1538 Boso.
315 1479 437 1538 Certum
459 1484 513 1538 est.

182 1587 314 1645 Ansrnm
351 1586 438 1646 Tales
461 1604 531 1661 ergo
555 1592 670 1663 oportet
692 1605 758 1646 esse
781 1588 917 1646 homines
939 1587 971 1646 in

114 1692 168 1752 im
196 1693 316 1753 civitate
348 1712 489 1770 superna,
522 1692 573 1769 qui
606 1711 659 1769 pro
687 1694 801 1770 angelis
829 1694 861 1752 in
888 1694 971 1753 iilam

114 1806 313 1875 assumentur,
337 1801 441 1878 quales
463 1800 510 1858 illi
532 1801 625 1859 futuri
648 1801 688 1860 ibi
712 1806 804 1876 erant,
828 1820 882 1878 pro
906 1802 971 1878 qui·
1081 1874 1084 1879 Ι
1112 1878 1115 1885 ἱ

115 1908 171 1966 bus
194 1907 306 1967 ibidem
329 1912 429 1981 erunt,
453 1907 484 1965 id
507 1913 565 1981 est,
590 1909 693 1984 quales
712 1926 792 1967 nuno
811 1914 882 1967 sunt
900 1909 970 1968 boni

115 2014 228 2091 angeli3
257 2014 389 2091 alioquin
417 2032 475 2073 non
502 2020 590 2073 erunt
616 2016 785 2089 restaurati,
815 2016 866 2092 qui
895 2016 994 2079 oeci·¹
1022 2088 1025 2095 Ι
1099 2056 1102 2063 ,

115 2121 237 2195 derunt,
265 2128 295 2181 et
322 2128 475 2199 sequetur,
503 2123 573 2198 quia
595 2122 677 2181 Deus
705 2129 756 2181 aut
779 2141 840 2182 non
862 2123 971 2199 poterit

114 2229 255 2306 perficere
282 2229 406 2302 bonum,
440 2229 518 2306 quod
548 2229 692 2305 incoepit,
725 2237 778 2288 aut
805 2231 971 2306 poenitebit

115 2352 192 2409 eum,
213 2340 329 2394 tantum
351 2337 462 2394 bonum
477 2335 642 2412 incoepisse
648 2357 655 2413 3
677 2355 752 2413 quae
768 2337 826 2396 duo
842 2338 971 2396 absurda

114 2447 194 2501 sunt.

182 2549 266 2609 Boeo.
299 2548 378 2609 Vere
401 2555 516 2626 oportet
539 2556 573 2609 ut
595 2550 732 2628 aequales
756 2551 817 2610 sint
835 2552 969 2611 homines

114 2656 199 2716 bonis
222 2657 345 2732 angelis.

182 2765 313 2823 Ausnnm
351 2765 427 2823 Boni
449 2765 546 2839 angeli
566 2782 735 2841 unquamne
754 2768 970 2841 peceavenrnt?

182 2870 266 2930 Boso.
313 2872 390 2932 Non.

181 2979 312 3038 Auernis
359 2979 486 3037 Potesne
513 2980 655 3055 cogitare,
684 2979 764 3055 quod
792 2980 891 3053 homo,
919 2980 970 3055 qui

114 3083 273 3160 aliquando
297 3086 437 3162 peccavit,
462 3105 518 3145 neo
541 3104 672 3163 unquam
687 3086 750 3144 Deo
774 3104 827 3161 pro
850 3092 970 3162 peceato

115 3208 170 3249 suo
198 3192 355 3268 satisfecit,
384 3194 437 3253 sed
465 3200 581 3252 tantum
609 3193 773 3270 impunitus
802 3192 970 3267 dimittitur,

113 3298 248 3375 aequalis
272 3300 311 3359 sit
333 3302 451 3376 angelo,
476 3302 528 3377 qui
552 3319 705 3378 nunquam
728 3300 881 3376 peccavit?
