2280 3870
120 341 161 402 56
458 358 481 401 s.
502 358 633 402 insnum

118 521 280 594 hominurn,
304 519 373 596 quia
392 520 505 578 tamdiu
524 527 610 578 erunt
627 519 731 596 populi
749 519 853 579 eterit
871 520 904 579 in
919 520 976 579 hoc

118 629 228 687 mundo
244 627 397 687 hominurn
414 628 585 703 procreatio,
609 627 704 686 donec
715 644 857 685 numerus
869 644 975 686 eorun-

118 736 186 794 dem
209 735 370 794 electorum
393 734 549 793 hominum
571 733 765 810 compleatur3
789 738 821 792 et
838 751 873 792 eo
896 751 976 792 com-

119 843 199 919 pleto
222 841 349 901 cessabit
367 842 523 900 hominum
541 841 702 916 generatio,
727 859 802 916 quoe
822 840 857 898 fit
872 841 904 899 in
919 841 976 900 hac

119 949 187 1007 vita.
226 950 267 1007 At
290 949 316 1007 si
338 966 392 1024 per
413 948 534 1024 angelos
557 947 614 1006 Dei
636 947 833 1023 intelligimus
857 953 975 1007 sanctos

118 1056 240 1132 angelos
263 1060 392 1129 tantum,
421 1061 450 1114 et
473 1073 527 1131 per
549 1055 627 1114 filios
654 1054 749 1113 Israel
771 1055 976 1114 tantummodo

117 1163 215 1238 justos
247 1162 395 1238 homines3
429 1161 544 1221 duobus
576 1162 672 1221 modis
706 1161 835 1237 intelligi
862 1167 975 1238 potest:

120 1270 190 1347 quia
217 1270 369 1328 constitnit
398 1269 479 1327 Deus
507 1270 649 1328 terminos
675 1269 860 1345 populorum
885 1270 977 1345 juxto

119 1395 282 1436 numerum
297 1376 470 1451 augelorum
485 1376 554 1452 Dei3
571 1381 623 1434 aut
635 1377 704 1453 quia
720 1382 821 1434 tantus
837 1375 976 1452 populus,

120 1484 151 1542 id
175 1491 229 1558 est,
253 1489 296 1543 tot
319 1483 454 1542 homiues
477 1489 678 1558 assumentur,
702 1489 773 1560 quot
792 1488 863 1542 sunt
882 1483 977 1542 sancti

120 1591 220 1667 angeli
243 1591 311 1664 Dei,
335 1597 386 1649 aut
409 1591 478 1667 quia
501 1590 614 1648 tamdiu
638 1596 725 1648 erunt
748 1590 859 1666 populi,
883 1590 978 1650 donee

120 1716 263 1757 numerus
282 1698 456 1773 angelorum
471 1697 527 1756 Dei
543 1697 728 1772 compleatur
743 1714 782 1755 ex
797 1697 976 1756 hominibus.

120 1805 160 1863 Et
183 1805 238 1864 hoc
261 1822 321 1862 uno
345 1804 407 1863 solo
430 1805 516 1863 modo
539 1804 647 1881 exponi
670 1822 758 1880 posse
781 1804 880 1862 video:
909 1823 978 1862 eon-

120 1912 218 1970 stituit
242 1911 383 1970 terminos
400 1912 583 1987 populorum
599 1911 690 1987 junio
713 1929 875 1969 nnmerum
897 1911 977 1986 silio-

121 2039 191 2077 rum
214 2018 315 2091 Israel,
339 2018 371 2076 id
394 2025 449 2092 est,
473 2019 543 2096 quia
566 2018 655 2095 (sicut
676 2036 766 2093 supra
787 2017 899 2076 dictum
920 2017 977 2093 est)

121 2127 236 2184 tamdiu
259 2131 345 2184 erunt
367 2126 470 2202 populi
492 2126 524 2183 in
547 2126 604 2184 hoc
627 2125 739 2199 seculo,
763 2125 856 2182 donec
874 2142 979 2182 nume·

122 2250 173 2291 rus
198 2238 366 2292 sanctorum
390 2233 543 2291 hominum
564 2237 740 2292 assumatur.
773 2232 812 2290 Et
827 2230 979 2306 colligitur

122 2358 161 2398 ex
183 2345 308 2417 utraque
331 2340 537 2413 translatione,
566 2339 635 2417 quia
650 2344 703 2422 tot
731 2339 868 2397 homines
892 2356 977 2397 assu-

122 2451 253 2521 mentur,
282 2452 354 2524 quot
380 2452 589 2505 remanserunt
616 2446 722 2522 angeli.
769 2445 855 2503 Unde
878 2450 978 2504 tamen

122 2571 182 2612 non
206 2555 352 2631 sequitur,
381 2554 517 2631 quamvis
540 2553 647 2629 perditi
671 2553 768 2628 augeli
791 2571 829 2611 ex
853 2553 979 2610 homini-

123 2662 178 2720 bus
201 2662 386 2720 restaurandi
410 2667 492 2736 sunt,
516 2666 560 2719 tot
581 2661 703 2735 angelos
727 2660 882 2733 cecidisse,
907 2664 980 2736 quot

122 2774 393 2845 perseveraverunt.
427 2768 511 2841 Quod
528 2775 627 2826 tamen
648 2768 672 2826 si
693 2767 808 2840 dicitur,
825 2765 979 2824 invenien-

122 2874 195 2932 dum
219 2874 286 2949 erit,
310 2876 456 2953 quomodo
479 2880 559 2933 ratae
582 2893 641 2933 non
666 2874 727 2932 sint
750 2892 840 2949 supra
862 2873 979 2948 positae

123 2982 266 3056 rationeS,
289 3000 365 3059 quae
388 2981 526 3041 videntur
554 2981 722 3053 ostendere,
745 2998 805 3038 non
829 2980 924 3038 fuisse
948 2980 980 3038 in

123 3090 247 3166 angelis,
261 3089 345 3166 prius
361 3107 449 3166 quam
465 3090 584 3147 illorum
600 3087 719 3164 quidam
735 3087 881 3160 caderent,
893 3087 981 3145 illurn

123 3198 287 3274 perfectum
310 3214 475 3265 numerum,
500 3214 588 3272 quem
613 3194 799 3270 supradixi,
823 3200 852 3252 ct
875 3194 981 3270 plures

94 3378 97 3384 Ι
123 3304 259 3364 homines
283 3305 391 3364 electos
414 3304 542 3377 futuros,
566 3320 655 3378 quam
679 3301 739 3360 siut
762 3301 833 3359 mali
856 3301 964 3376 angeli.
