2280 3870
405 345 463 389 cna
485 345 562 389 nnus
585 327 687 415 nono?
929 324 970 386 33

183 508 267 567 Boso.
313 507 498 566 Rationabiie
522 511 579 580 est,
604 507 683 583 quod
706 506 789 565 dicis.

183 615 315 673 Ansnnn.
362 613 459 672 Deum
490 632 560 672 vero
591 631 651 671 non
683 613 769 672 decet
800 612 914 689 aliquid
941 611 974 669 in

118 739 171 781 suo
193 740 284 796 regno
307 721 506 780 inordinatum
529 720 685 778 dimittere.

183 828 267 887 Boso.
315 827 347 886 Si
369 827 451 886 atiud
474 827 539 887 volo
563 826 673 901 dicere,
697 827 787 886 timeo
810 844 941 904 peccare.

183 935 315 993 Ansnnu
362 934 459 1019 igitur
489 952 549 993 non
581 934 666 993 decet
692 935 790 993 Deum
818 938 974 1010 peccatum

119 1041 163 1131 sic
185 1040 368 1127 impunitum
391 1041 548 1100 dimittere.
914 1020 917 1024 ⁴
970 1021 975 1027 ⁴

159 1124 281 1208 'Bosos
314 1149 361 1207 Ita
384 1148 525 1225 sequitur.

183 1257 316 1314 Ansnnn.
351 1255 406 1324 Est
420 1260 450 1314 et
465 1255 558 1330 aliud,
583 1255 661 1333 quod
685 1255 831 1332 sequitur,
856 1255 883 1312 si
905 1252 988 1330 pec-'i
1061 1306 1065 1311 .

116 1366 217 1422 catum
250 1362 294 1421 sio
326 1362 486 1421 dimittitur
517 1362 711 1440 impunitum,
745 1362 814 1439 quia
837 1361 974 1421 similiter
1006 1380 1009 1389 ·
1063 1370 1071 1389 ¹
1106 1382 1109 1387 ·

116 1469 174 1529 crit
196 1469 274 1545 apud
297 1469 394 1528 Deum
421 1469 556 1545 peccanti
583 1475 613 1529 et
636 1488 696 1528 non
719 1469 866 1548 peccanti,
895 1468 973 1545 quod
1037 1456 1040 1461 ¹
1069 1458 1073 1463 ’
1106 1452 1110 1459 ’

116 1575 179 1635 Deo
202 1594 262 1635 non
286 1577 434 1635 convenit.

184 1683 268 1742 Boso.
314 1683 381 1742 Non
404 1701 525 1760 possum
549 1703 665 1759 negare.

184 1790 315 1849 Ansnnu
363 1791 439 1850 Vide
466 1797 496 1850 et
513 1792 591 1851 ·hoc.
637 1791 788 1850 Justitiam
820 1789 974 1848 hominum

117 1913 203 1954 nemo
234 1898 331 1956 nescit
363 1916 428 1976 esse
461 1901 516 1958 sub
547 1899 627 1974 lege,
660 1904 694 1957 ut
718 1897 881 1957 secundum
909 1895 974 1970 ejus

118 2003 327 2080 quantitatem,
350 2023 490 2064 mensura
512 2007 715 2065 retributionis
738 2025 755 2064 a
777 2005 839 2063 Deo
863 2021 974 2062 recom-

116 2116 266 2185 pensetur.

184 2217 268 2278 Boso.
315 2219 362 2278 ita
384 2220 542 2279 credimus.
601 2299 606 2310 Ι

184 2325 316 2384 Ansrnu
364 2327 395 2385 si
411 2332 511 2385 autem
527 2333 682 2403 peccatum
698 2346 753 2386 nec
769 2325 902 2399 solvitur,
918 2342 975 2382 nec

117 2431 255 2506 punitur,
278 2433 355 2492 nulli
377 2434 438 2510 legi
462 2435 600 2510 subjacet.

186 2539 269 2599 Boso.
315 2541 382 2599 Non
405 2559 527 2618 possum
550 2542 637 2599 aliter
659 2541 831 2616 intelligere.

184 2648 316 2707 Ausnnn.
363 2648 496 2706 Liberior
518 2648 671 2723 igiturest
691 2648 847 2724 injustitia,
872 2646 896 2704 si
913 2646 976 2705 sola

118 2754 321 2814 misericordia
344 2755 516 2829 dimittitur,
541 2774 630 2831 quam
645 2756 771 2832 justitia,
796 2754 874 2831 quod
889 2753 975 2812 vaide

117 2861 329 2920 inconveniens
357 2862 481 2921 videtur.
527 2864 575 2920 Ad
602 2862 658 2921 hoe
688 2862 777 2922 etiam
805 2861 976 2920 extenditur

119 2967 193 3026 haee
215 2969 465 3043 inconvenientia,
498 2976 532 3028 ut
560 2969 737 3045 injustitiam
761 2969 822 3028 Deo
847 2968 975 3026 similem

117 3075 218 3152 taciat3
243 3077 313 3153 quia
336 3076 414 3136 sicut
430 3077 510 3135 Deus
525 3076 659 3136 nulliusl
681 3077 741 3151 legi
765 3076 910 3151 subjacet,
933 3075 976 3135 ita

121 3187 152 3242 ct
173 3182 327 3259 injustitia.

472 3305 481 3334 ¹
501 3303 533 3357 al.
553 3305 635 3358 rutili.
