2280 3870
502 351 525 394 S.
550 351 679 394 ANSELMI

497 563 580 622 oar.
604 562 684 620 xvi.
749 635 752 644 Ι

167 681 285 748 Qualiter
302 683 376 736 Deus
400 682 432 734 de
454 697 544 734 massa
565 681 711 748 peccatrice
734 682 861 734 assumsit
882 681 1034 736 hominem

246 754 302 806 siue
320 755 441 820 peccat03
461 756 487 806 et
506 753 538 804 de
557 752 701 804 salvatione
720 752 793 805 Adae
812 754 839 804 et
856 753 936 805 Evae.

233 899 316 958 Boso.
368 897 549 974 Quapropter
576 899 653 956 sicut
682 916 793 972 eorum,
827 917 901 975 quae
929 917 1020 976 supra

167 1005 339 1079 dictasunt,
363 1005 505 1064 rationem
518 1004 671 1080 aperuisti,
696 1004 738 1063 sic
756 1009 836 1080 pete,
859 1009 893 1062 ut
909 1022 1020 1080 eorum,

148 1096 242 1188 'quae
265 1129 331 1170 sum
358 1111 453 1171 adhue
481 1112 680 1187 quaesiturus,
706 1111 848 1168 rationem
874 1111 1018 1170 ostendas.

167 1216 300 1275 Primum
332 1217 456 1288 scilicet,
432 1216 587 1293 tqualit
588 1234 619 1275 er
654 1216 691 1276 de
721 1234 819 1275 massa
849 1217 1020 1292 peccatrice,

167 1323 231 1382 'ue
264 1322 300 1381 de
331 1323 459 1382 humano
491 1340 609 1398 genere,
643 1323 721 1423 quod
751 1327 846 1382 totum
876 1323 1041 1429 infecQ

168 1434 230 1487 erat
242 1433 373 1505 pecca
344 1447 360 1487 o
331 1428 579 1488 thominem
556 1446 620 1486 sme
634 1420 764 1504 peccat‚o
784 1429 869 1504 quasi
882 1381 1041 1502 azymum

158 1514 214 1593 vde
227 1534 432 1608 1111111111111,1
459 1535 540 1594 Deus
567 1535 714 1592 assumsit.
695 1534 841 1592 tNam
863 1535 933 1593 licet
920 1534 1021 1609 tipsa

168 1639 296 1699 hominis
323 1640 454 1716 ejusdem
481 1641 630 1716 conceptio
659 1641 698 1698 sit
725 1641 834 1698 munda
859 1645 888 1698 et
910 1640 1021 1716 absque

169 1746 293 1805 carnalis
321 1745 522 1805 delectationis
550 1752 679 1822 peccato,
712 1747 794 1822 uirgo
821 1751 919 1804 tamen
946 1745 1015 1821 ipsa

169 1853 247 1910 unde
270 1857 419 1911 assumtus
442 1857 499 1926 est,
523 1858 568 1911 est
590 1852 623 1910 in
644 1853 783 1928 iniquitat
771 1853 849 1910 tibus
872 1856 1016 1927 concepta

22 1963 40 2039 'j
169 1958 253 2018 etin
275 1957 402 2053 peccatis
431 1958 576 2048 concepit
591 1976 666 2044 eaan
678 1963 736 2041 mat
738 1977 770 2042 or
771 1975 869 2050 epus,
897 1961 927 2016 et
953 1975 1022 2016 cum

170 2032 305 2138 originali
336 2068 455 2140 peccato
486 2069 555 2122 nata
582 2069 639 2137 est,
672 2064 810 2140 quoniam
842 2069 871 2122 et
897 2063 963 2137 ipsa
989 2063 1022 2121 in

169 2168 264 2226 Adam
287 2170 430 2244 peccavit,
453 2170 486 2228 in
509 2188 566 2246 quo
589 2188 690 2229 omnes
713 2174 913 2246 peccaverunt.

236 2275 366 2333 Ausonii.
417 2276 577 2351 Postquam
611 2281 725 2335 constet
756 2275 904 2334 hominem
935 2274 1023 2332 illum

170 2397 236 2439 esse
254 2381 350 2438 Deum
368 2386 397 2440 et
415 2387 600 2456 peccatorum
617 2380 877 2454 reconciliatorem,
900 2380 1022 2439 dubium

1 2552 2 2563 ¹
43 2530 155 2586 Μ
158 2504 230 2558 non
261 2490 318 2560 est,
351 2505 419 2548 euru
450 2488 568 2547 omnino
601 2487 665 2546 sine
697 2491 815 2562 peccato
847 2504 925 2563 esse;
967 2486 1024 2547 hoc

102 2574 268 2662 cautem
300 2610 365 2651 esse
397 2611 455 2653 non
487 2594 576 2666 valet,
609 2594 668 2652 nisi
700 2595 809 2669 absque
841 2597 959 2669 peccato
986 2592 1024 2651 de

170 2716 268 2756 massa
290 2699 450 2773 peccatrice
474 2699 513 2757 sit
530 2704 643 2757 assunrt
645 2717 687 2757 us.
721 2698 783 2771 Qua
802 2717 870 2758 vero
892 2699 1024 2758 ratione²

125 2780 140 2822 ’Ὗ
172 2793 315 2882 sapientia
338 2804 393 2864 Dei
415 2790 471 2863 lroc
493 2805 575 2878 fecit,
551 2808 628 2863 tsi
650 2823 709 2863 non
732 2822 890 2880 possumus
912 2803 1022 2863 intelli-

171 2928 253 2985 gere,
279 2927 340 2969 non
366 2911 505 2970 debemus
528 2907 639 2984 mirari,
668 2910 720 2969 sed
747 2929 815 2969 cum
837 2911 1023 2970 veneratione

171 3017 294 3075 tolerare
318 3016 430 3092 aliquid
452 3034 517 3076 esse
543 3017 576 3075 in
599 3017 719 3076 secretis
741 3021 839 3075 tantae
861 3017 917 3090 rei,
946 3018 1020 3093 quod

172 3122 347 3198 ignoremus.
403 3121 517 3198 Quippe
549 3122 712 3181 mirabilius
734 3122 815 3181 Deus
849 3122 1024 3181 restauravit

236 3275 246 3304 ²
264 3274 296 3328 al.
315 3275 456 3342 fermento.
531 3275 541 3304 ²
559 3274 591 3328 al.
612 3275 773 3329 traiectione.
