2280 3870
165 303 225 362 106
499 319 522 365 s.
546 319 675 363 insnum

48 510 85 561 ,a
228 479 310 539 Boso.
343 478 407 538 Hoo
429 480 461 537 in
483 479 586 555 majori
608 484 702 539 aetate
724 480 766 539 ita
785 480 913 554 videtur,
938 481 1016 541 siout

159 586 248 661 diois;
287 586 338 644 sed
369 585 402 643 in
433 585 568 659 infantia,
607 586 684 645 siout
718 604 778 645 non
809 587 865 646 erit
896 591 1016 664 tempus

9 677 12 682 ¹
156 709 335 765 congruum,
376 695 411 750 ut
445 691 478 749 in
514 690 565 750 illo
601 696 740 767 appareat
776 693 932 768 sapientia,
974 693 1016 752 ita

162 815 222 855 non
248 797 304 855 erit
331 815 417 873 opus,
451 802 480 855 et
506 797 571 856 ideo
598 815 653 856 neo
680 816 839 873 congruum
871 803 905 857 ut
932 798 1016 857 illam

163 903 274 962 habeat.

229 1011 359 1068 Ansnnu.
401 1008 506 1067 Nonne
533 1008 596 1066 dixi
624 1009 692 1085 quia
720 1010 868 1085 sapienter
889 1011 940 1069 fiet
963 1010 1017 1069 illa

50 1111 54 1116 ’
161 1115 341 1188 incarnatio?
391 1115 543 1190 Sapienter
587 1132 714 1191 namque
758 1122 889 1174 assumet
933 1117 1016 1176 Deus

163 1221 382 1306 mortalitatem,
411 1221 480 1296 quia
503 1221 662 1296 sapienter,
691 1222 759 1298 quia
786 1221 871 1280 valde
893 1222 1015 1297 utiliter,

162 1333 269 1387 utetur.
319 1327 517 1402 Ignorantiam
544 1344 612 1386 vero
639 1345 699 1386 non
729 1328 836 1403 poterit
866 1334 1028 1388 assumere

163 1435 322 1510 sapienter,
349 1433 419 1511 quia
443 1451 593 1509 nunquam
626 1437 671 1492 est
701 1434 784 1492 utilis
814 1434 868 1492 sed
900 1451 1017 1509 semper

163 1541 263 1613 noxia,
292 1540 351 1597 nisi
378 1540 452 1598 forte
479 1557 548 1598 oum
562 1517 645 1615 'per1
675 1558 739 1599 eam
766 1540 843 1598 mala
869 1539 1035 1626 voluntas,-

162 1665 238 1724 quae
260 1664 413 1721 nunquam
434 1646 467 1702 in
489 1645 541 1704 illo
564 1646 631 1720 erit,
657 1646 693 1705 ab
716 1645 1015 1721 effectu2rest1ingi-

163 1759 219 1811 tur.
269 1752 346 1810 Nam
377 1752 433 1810 etsi
465 1751 621 1828 aliquando
652 1753 690 1810 ad
719 1753 799 1811 aliud
830 1770 890 1811 non
920 1756 1014 1828 nooet,

163 1860 219 1918 hoo
256 1858 317 1938 solo
353 1862 452 1916 tamen
488 1863 584 1932 nooet,
627 1859 696 1934 quia
732 1859 870 1918 scientiae
905 1859 1015 1917 bonum

162 1966 271 2041 aufert,
296 1970 326 2023 et
347 1970 381 2022 ut
403 1964 528 2023 breviter
551 1964 700 2023 absolvam
723 1965 800 2041 quod
823 1964 951 2042 quaeris:
977 1982 1016 2023 ex

164 2090 221 2149 quo
253 2072 339 2130 homo
374 2069 427 2128 ille
458 2070 526 2144 erit,
563 2071 670 2147 plenus
701 2071 763 2130 Deo
798 2089 925 2146 semper,
961 2069 1016 2128 ut8

164 2178 262 2253 seipso
285 2177 352 2252 erit;
376 2177 455 2235 unde
473 2195 624 2253 nunquam
643 2178 698 2236 erit
717 2177 781 2237 sine
799 2178 863 2252 ejus
886 2176 1016 2252 potentia

162 2288 194 2344 et
216 2281 387 2341 fortitudine
409 2287 439 2341 et
462 2283 612 2358 sapientia.

232 2389 314 2447 Boso.
349 2387 488 2460 Quamvis
511 2390 567 2448 hoo
588 2390 621 2448 in
645 2389 761 2449 Christo
784 2407 900 2465 semper
922 2389 1016 2448 fuisse

164 2514 224 2556 non
246 2495 421 2568 dubitarem,
448 2496 513 2554 ideo
540 2500 637 2554 tamen
665 2496 809 2572 quaesivi,
836 2499 871 2554 ut
897 2496 933 2554 de
960 2495 1016 2554 hoo

166 2619 282 2678 quoque
303 2601 446 2659 rationem
464 2602 602 2660 audirem.
640 2602 881 2678 Saepe'namque
903 2601 1016 2677 aliquid

164 2725 231 2766 esse
258 2708 329 2766 oerti
357 2725 472 2780 sumus,
501 2712 530 2765 et
556 2711 654 2767 tamen
681 2709 736 2766 hoo
758 2708 869 2766 ratione
895 2708 1016 2783 probare

165 2831 322 2872 nescimus.

163 2985 166 2993 ,
229 2946 290 3001 ²al.
308 2947 379 3014 sorte
392 2962 452 3016 per.
526 2946 587 2999 ²al.
607 2948 714 3014 affeetu.
792 2941 849 2999 ”al
878 2947 910 3000 Tu.
