2280 3870
403 343 461 385 oon
483 342 561 386 nnus
584 322 686 385 nono?
930 323 970 384 67

115 568 119 574 ⁴
183 505 267 565 Boso.
313 504 381 564 Non
403 522 526 581 possum
549 522 664 579 negare.

182 614 314 672 Ausona.
360 611 428 670 Non
452 630 521 687 ergo
537 610 717 686 satisfacis,1
740 611 766 671 si
789 631 849 672 non
871 611 972 670 reddis

115 719 229 797 aliquid
255 720 366 795 majus,
395 737 484 796 quam
512 719 551 778 sit
578 718 622 792 id,
650 736 705 795 pro
732 737 790 796 quo
817 724 972 796 peecatum

116 827 213 886 faeere
235 845 295 886 non
318 825 470 885 debueras.

102 922 105 931 ⁴
182 934 266 994 Boso.
313 933 352 992 Et
367 933 509 993 rationem
525 933 611 992 video
636 933 680 992 sio
702 933 834 1009 exigere,
857 939 888 993 et
911 953 959 994 om

115 1042 185 1101 nino
209 1059 275 1101 esse
297 1041 490 1119 impossibile.

183 1150 314 1208 Arsnmr.
361 1148 425 1208 Nee
447 1148 529 1207 Deus
552 1147 648 1206 ullum
675 1147 837 1224 obligatum
860 1146 972 1225 aliqua-

115 1261 203 1314 tenus
226 1256 323 1315 debito
346 1255 460 1332 peooati
482 1273 634 1315 assumere
661 1260 760 1332 potest
786 1256 824 1314 ad
847 1248 972 1315 beatitu-

115 1363 228 1438 dinem,
253 1363 404 1440 quianon
427 1363 521 1422 debet.

183 1470 267 1530 Boso.
313 1469 410 1529 Nimis
434 1474 480 1528 est
503 1468 601 1546 gravis
624 1467 697 1529 haee
721 1470 875 1529 sententia.

183 1579 314 1636 Arsnnn.
362 1577 444 1635 Audi
466 1577 563 1636 adhue
586 1576 680 1650 aliud,
708 1595 762 1636 our
789 1596 849 1636 non
871 1577 971 1636 minus

62 1702 65 1707 ·
117 1685 156 1744 sit
179 1685 314 1758 difficile,
337 1684 488 1744 hominem
511 1683 694 1743 reconciliari
717 1684 787 1744 Deo.

182 1792 266 1851 Bos0.
312 1790 379 1850 Nisi
395 1791 469 1851 fides
490 1809 537 1851 me
560 1790 773 1867 consolaretur,
797 1793 852 1852 hoo
876 1793 972 1852 solum

115 1903 233 1974 cogeret
256 1916 304 1957 me
327 1899 492 1975 desperare.

182 2007 314 2064 Ausnnn.
360 2006 440 2065 Audi
462 2011 569 2065 tamen.

183 2112 266 2172 Boso.
312 2112 375 2172 Dio.

434 2303 524 2368 CAP.
548 2305 657 2370 XXII.

116 2427 202 2495 Quam
225 2428 410 2482 contumeliam
436 2429 498 2483 feeit
520 2429 577 2482 Deo
599 2429 691 2498 homo,
716 2446 777 2482 oum
800 2445 828 2483 se
852 2431 973 2498 permisit

178 2517 194 2553 a
213 2499 316 2554 diabolo
334 2501 416 2554 rinei
411 2518 482 2569 ,pro
502 2517 554 2569 qua
572 2501 724 2554 satisfacere
743 2517 796 2554 non
815 2505 910 2569 potest.

182 2631 314 2690 Ansnmr
355 2631 473 2690 Homo
465 2649 497 2689 1n
511 2631 687 2707 paradiso
663 2649 727 2691 sine
741 2636 844 2708 peccat
844 2650 861 2690 o
831 2632 936 2691 tfaot
923 2637 984 2709 tus

116 2737 203 2815 quasi
226 2738 342 2815 positus
366 2743 412 2797 est
434 2757 487 2814 pro
510 2738 639 2797 Deot
594 2757 626 2795 m
627 2744 672 2797 ter
695 2738 850 2797 Deumt
820 2743 850 2797 et
873 2704 1045 2798 diaboii-e«
1092 2774 1095 2781 ·

115 2843 251 2918 lum,ut
216 2845 405 2904 uvinoeret
392 2846 576 2905 tdiabolum
595 2864 654 2904 non
673 2845 882 2905 consentiendo
907 2860 976 2904 suas
973 2808 1022 2934 ζ
1051 2856 1053 2860 ’
1087 2841 1103 2921 J

116 2951 198 3010 denti
218 2957 322 3028 peceat
323 2971 386 3027 um,
406 2953 444 3011 ati
465 2953 734 3012 exeusationemet
722 2954 893 3012 htonorem
907 2953 991 3026 Dei,¹
1039 2992 1054 3015 1„
1065 2972 1072 2991 =·

117 3059 205 3117 etad
229 3059 431 3119 oonfusionem
455 3061 576 3135 diaboli,
605 3079 673 3120 enm
700 3059 752 3118 ille
774 3059 918 3118 infirmior
940 3060 972 3117 in

116 3169 194 3224 terra
221 3184 280 3227 non
308 3172 442 3244 peccaret
470 3168 572 3226 eodem
596 3167 712 3227 diabolo
736 3167 891 3241 suadente,
921 3167 972 3243 qui

422 3307 431 3335 ¹
450 3305 482 3358 al.
503 3305 671 3372 satisfacies.

775 3395 810 3448 5*
