2280 3870
444 140 508 183 ,ζῇ
663 134 668 152 ⁸
713 153 717 169 ι

340 212 342 219 Ι
387 180 423 213 .ᾖί
443 189 448 194 .
496 210 500 221 x
610 182 631 215 ‘p'
645 175 687 219 ²14¹·
713 174 717 185 ⁸

356 218 371 230 ,-
429 230 473 274 ιω,
499 226 507 234 .
605 216 637 257 ,μ

332 291 336 301 ,
384 264 395 295 ἱ
417 238 482 327 ἓν),
542 269 554 291 a

461 308 464 317 ‘
523 304 526 309 '
567 304 576 333 l

351 320 464 404 attii
483 360 561 406 nnus
584 342 686 404 nono?
929 342 970 404 59

117 540 171 580 sua
194 522 227 581 in
250 539 383 596 coenum,
406 541 476 581 curn
499 522 654 598 prohibere
676 527 791 602 posset;
815 541 849 582 ao
869 528 972 599 postea

117 647 182 688 eam
206 629 242 687 de
265 647 356 689 coeno
379 647 501 688 sumens
523 628 668 705 pollutam
690 634 721 688 et
743 648 802 688 non
824 630 917 688 lotam
940 629 972 687 in

116 736 247 812 aliquem
269 737 368 796 locum
392 754 480 796 suum
503 736 648 794 mundum
671 741 702 794 et
725 736 860 809 charum,
889 736 972 794 dein·

116 861 187 918 ceps
219 843 303 901 illam
335 843 378 903 sic
410 848 594 917 servaturus,
627 843 778 902 recondat:
814 842 972 919 putabisne

116 949 203 1009 illum
227 950 411 1026 sapientem?

174 1050 268 1116 'Bosa
315 1055 467 1130 Quomodo
500 1058 556 1117 hoo
592 1060 734 1135 possum?
773 1076 842 1116 nam
874 1075 972 1116 nonne

118 1170 198 1223 esset
227 1163 320 1223 satis1
349 1164 467 1240 melius,
501 1170 535 1223 nt
557 1165 745 1241 margaritam
773 1182 858 1224 suam
885 1182 971 1222 mun-

117 1271 185 1329 dam
208 1276 322 1330 teneret
344 1276 374 1331 et
398 1278 539 1346 servaret,
563 1290 652 1348 quam
674 1271 838 1349 pollutam?

157 1380 317 1438 'Ansrnm
362 1379 469 1438 Nonne
496 1379 635 1439 similiter
660 1380 771 1440 faceret
797 1379 892 1452 Deus,
920 1377 972 1455 qui

117 1486 267 1545 hominem
286 1486 401 1561 angelis
418 1487 610 1546 sociandum2
622 1488 686 1547 sine
702 1491 823 1564 peccato
838 1485 924 1562 quasi
939 1484 970 1542 in

117 1611 209 1651 manu
224 1611 279 1652 sua
293 1595 413 1652 tenebat
428 1594 460 1651 in
469 1595 615 1670 paradiso,
626 1599 656 1654 et
670 1594 814 1671 permisit,
826 1594 971 1652 utaocen-

118 1718 170 1760 sus
182 1700 294 1759 invidia
308 1701 442 1761 diabolus
457 1719 526 1760 eum
540 1701 572 1760 in
585 1702 683 1760 lutum
694 1701 816 1779 peccati,
836 1700 972 1778 quamvis
983 1712 1006 1788 fr
1098 1772 1103 1783 ⁵
1123 1772 1128 1787 f

117 1808 361 1882 consentientem,
381 1808 541 1884 dejiceret?
568 1807 600 1868 Si
618 1808 698 1867 enim
713 1808 868 1884 prohibere
880 1776 1028 1866 velletl
1050 1776 1065 1825 ,¹
1089 1792 1093 1797 ’

117 1915 275 1989 diabolum,
291 1933 349 1974 non
361 1920 465 1992 posset
480 1919 594 1975 tentare
607 1915 766 1982 hominem.
798 1914 913 1984 Nonne,
928 1914 972 1972 in·
990 1902 1001 1971 ἶ,

118 2041 221 2099 quam,
241 2021 379 2081 similiter
396 2022 518 2096 faceret,
543 2023 569 2081 si
587 2023 737 2086 hominem
755 2021 869 2100 peceati
887 2022 973 2081 sorde
1054 2004 1065 2020 ³

118 2129 300 2190 maculatum
328 2129 393 2188 sine
420 2129 501 2188 omni
527 2129 688 2203 lavatione,
720 2129 828 2204 idest,
860 2130 973 2206 absque

117 2237 199 2296 omni
214 2236 423 2311 satisfactione,
438 2236 529 2296 talem
543 2255 661 2313 semper
670 2255 852 2311 mansurum,
867 2237 973 2296 saltem

117 2344 149 2407 in
172 2343 357 2421 paradisum,
381 2344 418 2402 de
441 2362 500 2420 quo
522 2344 635 2419 ejectus
653 2345 762 2419 fuerat,
786 2344 958 2404 reduceret?

187 2451 270 2510 Boso.
320 2450 565 2523 similitudinem,
599 2452 625 2510 si
652 2452 735 2510 Deus
767 2453 823 2511 hoo
854 2451 972 2525 faceret,

119 2575 227 2634 negare
244 2577 303 2616 non
321 2558 424 2633 audeo,
443 2564 473 2617 et
488 2558 598 2618 idcirco
612 2577 682 2618 eum
701 2560 756 2617 hoc
769 2560 868 2617 facere
884 2575 973 2634 posse

119 2683 178 2723 non
197 2664 320 2724 annuo.3
344 2643 503 2726 Videretur
520 2666 600 2724 enim
619 2672 671 2725 aut
689 2666 769 2742 quod
782 2643 974 2742 proposuerat

119 2790 260 2848 peragere
292 2791 351 2832 non
378 2773 524 2848 potuisse,
556 2778 608 2832 aut
634 2773 703 2832 boni
735 2771 876 2849 propositi
904 2788 974 2830 enm

119 2880 315 2955 poenituisse;
340 2898 414 2956 quae
438 2881 469 2937 in
493 2880 590 2938 Deum
613 2881 716 2939 cadere
739 2885 899 2957 nequeunt.

164 2986 313 3046 Ansam!
358 2986 438 3044 Tene
472 2973 564 3061 igitur
596 2987 774 3062 certissime,
807 2987 877 3063 qnia
910 2985 974 3044 sine

120 3093 332 3167 satisfactione,
362 3094 393 3151 id
417 3099 475 3168 est,
504 3094 569 3152 sine
598 3094 688 3153 debiti
717 3094 862 3154 solutione
886 3111 973 3170 spon-

193 3230 254 3284 1al.
275 3230 375 3283 tumea.
432 3230 493 3284 ²al.
513 3231 659 3285 sociatam.
717 3232 728 3262 ³
745 3232 778 3286 al.
799 3232 898 3286 abaco.

192 3321 202 3350 ⁴
221 3319 255 3374 al.
275 3320 336 3389 Cap.
351 3320 428 3373 XIV.

979 3538 1093 3642 Γ
