2280 3870
406 338 465 380 cun
487 337 564 380 onos
587 318 690 380 nono?
955 318 973 380 9

117 499 368 574 quemadmodum
391 504 560 574 peceatum,
584 498 663 574 quod
678 498 735 556 fuit
752 516 840 556 eausa
858 505 975 557 nostrae

117 606 326 679 damnationis,
343 606 461 663 initium
477 606 579 664 habuit
595 625 613 663 a
627 605 763 677 foemina,
780 605 823 664 sio
838 605 975 663 nostrael

116 713 247 788 justitiae
271 720 301 771 et
325 713 430 771 salutis
453 718 555 771 auotor
578 719 749 770 nasceretur
772 712 809 770 de
831 713 989 789 foemina3·

117 826 146 878 et
169 826 203 877 ut
226 819 374 893 diabolus,
398 820 450 895 qui
472 838 526 895 per
568 824 669 878 ustum
691 820 712 878 li
756 819 779 893 i,
804 838 893 896 quem
908 839 974 896 per-

118 927 224 1000 suasit,
248 927 398 985 hominem
420 927 543 1000 vicerat,
567 927 609 985 ita
629 944 683 1002 per
700 915 868 1006 Qfisionem
891 927 974 1008 lig,ni

117 1053 206 1110 quam
230 1034 343 1107 intulit,
371 1036 407 1092 ab
436 1034 553 1092 homine
576 1034 751 1092 uinceretur.
800 1033 875 1092 Sunt
903 1053 975 1110 quo-

118 1160 176 1216 que
199 1142 257 1198 alia
279 1142 386 1213 multa,
413 1159 488 1217 quae
512 1141 644 1199 studiose
667 1141 851 1199 oonsiderata
874 1141 975 1199 ineffa-
1029 1165 1035 1180 =

117 1249 229 1306 bilem²
253 1248 401 1324 quandam
433 1254 551 1306 nostrae
583 1247 774 1306 redemtionis
806 1249 861 1306 hoe
889 1248 975 1306 modo

117 1361 291 1430 procuratae
314 1354 567 1430 pulchritudinem
590 1355 757 1413 ostendtmt.

461 1566 552 1630 oAP.
577 1565 632 1628 IV.

118 1705 194 1770 Quod
213 1707 262 1759 hae
282 1706 465 1773 responsiones
484 1707 627 1758 videantur
645 1706 795 1759 infidelibus
813 1707 869 1758 siue
882 1722 974 1760 neees-

283 1796 375 1863 sitate,
395 1800 422 1848 et
441 1796 516 1864 quasi
535 1796 664 1864 quaedam
684 1795 808 1863 picturae.
857 1817 859 1821 ¹

185 1907 269 1966 Ruso.
317 1906 422 1965 Omnia
445 1907 517 1965 liaeo
537 1905 662 1982 pulchra
684 1914 713 1966 et
728 1908 815 1984 quasi
831 1909 975 1984 quaedam

118 2015 251 2088 pioturae
276 2013 464 2088 suscipienda
488 2021 569 2090 sunt,
595 2014 647 2072 sed
671 2015 696 2073 si
719 2033 778 2072 non
802 2015 840 2073 sit
863 2015 975 2091 aliquid

120 2121 260 2191 solidum,
286 2139 375 2194 super
392 2121 470 2195 quod
487 2121 621 2194 sedeant,
645 2140 704 2180 non
719 2122 857 2180 videntur
872 2122 975 2180 infide-

111 2226 197 2306 libus
222 2227 370 2300 sufficere,
394 2246 447 2286 eur
462 2228 559 2286 Deum
582 2247 629 2302 ea,
653 2248 729 2305 quae
749 2229 889 2301 dioimus,
912 2229 975 2304 pati

76 2350 83 2357 ·’
119 2333 250 2390 voluisse
282 2334 402 2392 eredere
434 2335 601 2394 debeamus
648 2335 725 2394 Nam
753 2336 804 2412 qui
829 2336 976 2411 picturam

119 2441 184 2498 vult
206 2441 316 2514 faeere,
349 2441 462 2518 aliquid
496 2443 580 2518 eligit
604 2443 745 2516 solidum,
779 2460 868 2518 super
896 2442 975 2518 quod

118 2548 234 2622 pingat,
268 2553 301 2606 ut
333 2555 462 2622 maneat,
500 2550 580 2626 quod
611 2549 715 2625 pingit.
769 2549 863 2608 Nemo
896 2549 975 2606 euim

119 2655 215 2730 pingit
237 2655 269 2712 in
292 2674 368 2732 aqua
391 2656 440 2713 vel
462 2656 493 2713 iu
509 2661 589 2730 abre,
614 2656 683 2733 quia
701 2657 742 2714 ibi
758 2657 841 2714 nulla
856 2662 975 2714 manent

118 2763 252 2837 picturae
275 2763 410 2837 vestigia.
447 2762 632 2838 Quapropter
647 2782 716 2822 oum
731 2763 785 2822 has
800 2763 975 2821 convenien-

119 2869 189 2942 tias,
222 2888 296 2946 quas
320 2869 408 2942 dieis,
441 2870 612 2928 infidelibus
644 2870 732 2946 quasi
760 2869 903 2946 quasdam
931 2869 975 2945 pi-

120 2981 218 3034 cturas
241 2977 284 3034 rei
312 2984 422 3051 gestae¹
437 2976 638 3051 obtendimus,
667 2978 806 3053 quoniam
831 2996 889 3035 nou
912 2995 975 3035 rem

120 3088 246 3155 gestam,
285 3085 337 3142 sed
374 3085 550 3158 figmentum
581 3084 762 3143 arbitrantur
797 3101 864 3143 esse
896 3083 976 3160 quod

193 3200 252 3253 1al.
273 3220 357 3256 aerae.

192 3290 253 3344 ²ul.
274 3291 495 3345 inenarrabilem
514 3300 542 3346 et
559 3293 751 3349 venerabilem.
1048 3366 1055 3375 ·
1077 3312 1087 3616 Ι
