2280 3870
384 356 443 398 nna
465 353 543 398 uuus
566 335 669 398 nouo?
910 333 952 395 41

96 519 195 578 facere
221 517 353 591 videtur,
386 535 454 577 cum
481 517 665 575 voluntatem
697 532 782 574 suam
810 513 956 573 voluntati

96 626 165 702 ejus
188 624 320 701 subjicit,
344 631 396 683 aut
419 624 573 683 subtrahit.

165 731 249 792 Boso.
295 730 416 805 NesciO,
440 731 514 808 quid
536 736 637 790 contra
660 747 767 806 queam
789 729 894 787 dicere.

166 840 297 898 Ansnnu.
343 839 451 897 Adhuc
473 839 579 898 addam
602 836 724 913 aliquid.

166 945 252 1005 Boso.
292 945 418 1004 Tamdiu
441 945 497 1015 dic,
521 945 615 1005 donec
637 962 685 1002 me
708 943 824 1002 taedeat
843 941 953 1001 audire.

432 1141 515 1200 OAP.
538 1140 621 1200 XVI.

97 1261 177 1315 Ratio
201 1277 250 1316 our
272 1277 401 1314 numerus
424 1260 592 1330 angelorum,
620 1261 666 1328 qui
689 1259 854 1329 ceciderunt,
878 1260 954 1312 resti-

329 1351 443 1404 tuendus
462 1350 498 1402 sit
516 1351 548 1402 de
567 1349 726 1404 hominibus.
857 1396 860 1403 ,

166 1483 299 1541 susan.
346 1481 443 1540 Deum
473 1485 589 1539 constat
620 1481 825 1556 proposuisse,
858 1485 892 1538 ut
919 1481 955 1539 de

99 1589 232 1649 humana
253 1593 373 1662 natura,
402 1607 492 1664 quam
515 1587 586 1647 fecit
610 1588 674 1646 sine
697 1593 830 1663 peccato,
854 1606 956 1646 nume-

98 1714 169 1755 rum
190 1694 376 1773 angelorum,
399 1696 452 1772 qui
475 1695 656 1764 ceciderant,
680 1694 856 1755 restitueret.

168 1802 253 1863 Boeo.
303 1801 369 1861 Hoc
400 1802 562 1874 oredimus,
602 1802 655 1860 sed
687 1801 796 1860 vellem
827 1800 957 1877 aliquam

99 1910 192 1987 hujus
214 1910 258 1968 rei
281 1908 424 1968 rationem
447 1909 562 1968 habere.

168 2017 300 2076 Ansnrm.
348 2016 439 2074 Fallis
465 2034 527 2092 me,
557 2035 617 2075 non
644 2016 724 2075 enim
747 2016 957 2093 proposuimus

100 2128 241 2197 mactare,
272 2123 332 2182 nisi
365 2124 401 2181 de
432 2122 635 2182 incarnatione
663 2123 732 2199 Dei;
765 2128 795 2182 et
822 2128 856 2181 tu
884 2123 958 2181 mihi

100 2230 177 2291 alias
199 2229 353 2290 interseris
377 2230 575 2307 quaestiones.

169 2336 254 2398 Boso.
300 2336 346 2396 Ne
373 2338 523 2414 irascaris3
558 2337 683 2395 lirare-m
715 2337 796 2395 enim
828 2337 958 2395 dotorem

101 2444 201 2521 dilapsi
214 2443 334 2518 Danae
352 2463 422 2503 nam
440 2463 527 2503 nemo
546 2445 650 2520 probat
668 2445 763 2519 magis
779 2461 810 2502 se
824 2443 959 2502 hilariter

102 2552 186 2626 dare,
214 2551 293 2628 quod
316 2552 474 2628 promittit,
504 2570 592 2628 quam
616 2551 667 2627 qui
690 2551 759 2628 plus
783 2552 844 2624 dat,
870 2569 959 2627 quam

101 2657 262 2737 promittit,
287 2659 335 2717 dic
358 2677 428 2734 ergo
451 2659 590 2732 libenter,
614 2659 694 2734 quod
718 2676 834 2734 quaero.

170 2767 303 2825 Ansnnu.
358 2765 544 2825 Rationalem
581 2766 751 2839 1111ῒ11111111,2
789 2783 864 2841 qnae
902 2765 959 2823 Dei

102 2873 352 2948 contemplatione
375 2874 461 2932 beata
483 2873 532 2930 vel
559 2877 617 2946 est,
645 2872 695 2931 vel
717 2873 818 2931 futura
841 2877 899 2944 est,
928 2871 960 2929 in

103 2979 234 3056 quodam
254 2979 422 3038 rationabili
445 2984 475 3038 et
494 2981 626 3055 perfecto
642 2997 766 3038 numero
782 2979 960 3056 praescitam

102 3103 171 3147 osse
197 3104 216 3145 a
241 3075 318 3161 Deo,
350 3087 392 3145 ita
419 3092 453 3145 ut
480 3105 536 3145 nec
563 3088 704 3162 majorem
733 3105 788 3145 nec
816 3086 960 3144 minorem

102 3192 192 3253 illum
224 3210 291 3253 esse
322 3195 436 3268 deceat,
474 3212 534 3252 non
566 3199 612 3253 est
645 3194 847 3252 dubitandum.
898 3194 961 3250 Aut

178 3312 189 3343 ¹
208 3312 266 3368 Cor.
285 3313 335 3368 IX.
406 3313 467 3367 ²al.
488 3318 655 3367 creaturum.
