2280 3870
68 3384 184 3640 ι,

536 356 560 399 S·
584 356 715 400 ausuum

198 517 332 591 exhibet,
364 521 416 574 aut
438 516 520 575 Deus
552 535 621 576 eum
652 517 779 576 invitum
808 517 863 576 sibi
890 518 1055 594 torquendo

198 624 329 699 subjicit,
358 628 388 682 et
416 623 459 682 sie
487 641 518 682 se
541 624 701 683 Dominum
729 624 794 700 ejus
824 642 889 684 esse
917 625 1054 699 ostendit,

197 731 277 808 quod
299 731 364 808 ipse
387 731 475 790 homo
497 731 648 791 voluntate
671 731 756 790 fateri
771 736 895 791 recusat.
942 732 979 790 In
996 737 1054 808 quo

197 837 457 912 considerandum,
486 838 555 915 quia
584 838 661 898 siout
683 838 771 898 homo
796 838 945 915 peeoando
968 840 1054 916 rapit,

198 945 278 1021 quod
300 944 356 1004 Dei
379 949 437 1014 est,
469 945 512 1003 ita
542 945 624 1005 Deus
656 945 806 1022 puniendo
833 947 942 1020 aufert,
976 947 1055 1023 quod

198 1051 326 1111 hominis
350 1057 403 1111 est.
451 1050 566 1129 Quippe
593 1070 653 1111 non
681 1053 777 1112 solum
805 1052 837 1110 id
859 1052 980 1129 ipsuml
1003 1054 1056 1112 oli-

197 1158 285 1234 cujus
308 1177 373 1218 esse
397 1159 516 1234 dieitur,
545 1159 704 1236 quodiam
727 1159 871 1235 possidet,
900 1159 953 1218 sed
976 1161 1056 1237 quod

198 1265 230 1323 in
254 1265 318 1341 ejus
341 1270 487 1342 potestate
511 1273 569 1340 est,
597 1271 632 1324 ut
654 1267 769 1326 habeat.
816 1264 962 1339 Quoniam
985 1286 1055 1344 ergo

198 1373 285 1432 homo
301 1373 343 1432 ita
358 1374 454 1432 faetus
470 1378 528 1447 est,
549 1378 584 1432 ut
598 1374 811 1433 beatitudinem
823 1373 931 1432 habere
946 1379 1055 1450 posset,

198 1480 225 1544 si
249 1499 308 1538 nou
335 1485 482 1556 peeoaret:
511 1498 579 1539 oum
606 1485 727 1556 propter
753 1484 906 1557 peecatum
931 1481 1056 1540 beatitu-

197 1587 269 1646 dine
303 1592 332 1646 et
360 1577 441 1646 omui
473 1588 548 1646 bono
580 1586 725 1663 privatur,
759 1587 796 1645 de
820 1604 886 1661 suo,
920 1589 1056 1664 quamvis

198 1693 325 1767 inritus,
350 1694 439 1754 solvit
462 1693 541 1771 quod
564 1694 676 1772 rapuit,
701 1694 782 1770 quia,
806 1693 876 1753 lieet
895 1695 977 1753 Deus
999 1696 1056 1755 hoe

198 1802 236 1860 ad
259 1820 348 1860 usum
365 1802 411 1861 sui
428 1801 573 1862 commodi
588 1819 648 1859 non
664 1801 836 1886 transferat,
856 1802 935 1878 quod
950 1802 1055 1877 aufert,

199 1909 278 1967 siout
300 1908 388 1968 homo
410 1909 581 1985 pecuniam,
605 1926 693 1986 quam
717 1908 768 1966 alii
791 1908 899 1983 aufert,
922 1908 954 1966 in
971 1927 1057 1968 sitam

197 2016 344 2092 cpnrertit
358 2015 531 2093 utilitatem,
548 2016 605 2075 hoo
620 2021 728 2090 tamen,
745 2016 824 2092 quod
839 2016 944 2090 aufert,
961 2016 1057 2075 utitur

197 2122 236 2180 ad
260 2140 348 2181 suum
370 2123 523 2197 honorem,
552 2141 605 2199 per
627 2123 695 2196 hoe,
724 2122 793 2199 quia
815 2123 919 2181 aufert.
965 2124 1057 2194 Aufe-

199 2230 289 2288 rendo
313 2230 392 2288 enim
420 2235 604 2306 peecatorem
632 2235 661 2289 et
684 2248 763 2307 quae
786 2229 869 2288 illius
894 2234 964 2288 sunt
988 2231 1056 2289 sub-

196 2336 275 2412 jecta
299 2337 356 2395 sibi
379 2354 446 2396 esse
469 2338 581 2414 probat.

533 2566 624 2630 OAP.
648 2565 722 2629 XV.

199 2705 227 2759 Si
240 2706 313 2758 Deus
328 2706 371 2759 vel
386 2708 419 2760 ad
433 2707 568 2761 modicum
587 2707 702 2775 patiatur
715 2707 842 2761 honorem
857 2724 939 2762 suum
954 2708 1055 2762 violari.
1079 2698 1080 2702 ¹

266 2855 349 2914 Boso.
396 2855 510 2928 Placet,
534 2855 613 2932 quod
634 2855 715 2914 diois.
763 2855 821 2915 Sed
845 2861 891 2915 est
914 2861 944 2915 et
966 2856 1056 2930 aliud,

199 2962 237 3020 ad
269 2962 347 3038 quod
379 2968 461 3021 tuam
493 2963 716 3038 responsionem
748 2962 873 3038 postulo.
920 2963 997 3022 Nam
1031 2963 1056 3022 si

199 3069 281 3127 Deus
304 3069 357 3143 ita,
382 3070 459 3128 sieut
482 3071 600 3147 probas,
625 3063 714 3127 suum
730 3069 817 3128 debet
838 3071 979 3129 honorem
995 3089 1057 3129 ser-

195 3195 281 3235 vare:
306 3195 359 3236 eur
381 3177 430 3235 rel
452 3177 490 3234 ad
513 3176 661 3267 modicum
689 3177 802 3252 patitur
825 3176 910 3235 illum
933 3177 1057 3237 violari?

541 3315 549 3343 ¹
569 3313 601 3367 al.
622 3331 713 3367 suum.
