2280 3870
403 360 463 403 cuu
485 358 563 402 nnus
586 338 688 412 nono?
768 372 771 375 ·
931 338 972 408 55

120 520 199 580 filios
227 520 320 580 Israel
349 521 403 580 soli
427 521 561 580 homines
582 519 664 594 just'.
710 521 772 578 Ant
795 518 851 578 soli
874 518 974 594 angeli

119 633 173 705 per
191 628 269 688 filios
284 628 390 702 Israel,
414 634 445 686 et
464 627 538 703 justi
554 625 689 685 homines
706 644 760 702 per
775 626 897 702 angelos
908 626 973 686 Dei.

119 735 151 794 Si
173 735 242 794 boni
265 734 364 811 angeli
386 739 501 794 tantum
520 735 716 809 designantur
736 752 789 810 per
804 738 973 809 utrumque,

119 842 197 901 idem
222 847 275 917 est,
300 843 379 919 quod
402 841 541 901 sisoium
564 858 617 917 per
631 841 752 916 angeles
768 839 837 917 Dei;
862 840 973 899 sivero

118 956 179 1008 tota
202 949 338 1009 eoelestis
357 949 471 1022 civitae,
494 948 543 1006 hie
559 953 604 1007 est
622 965 736 1022 sensns,
759 947 829 1023 quia
844 952 906 1005 tam
921 946 974 1006 diu

118 1061 315 1128 assumentur.
331 1056 442 1133 populi,
466 1056 497 1114 id
520 1061 565 1114 est
588 1054 796 1114 multitudines
812 1053 974 1115 electorum

118 1163 281 1236 hominum,
305 1169 357 1222 aut
379 1169 441 1221 tam
456 1162 509 1220 diu
524 1167 612 1220 erunt
626 1161 729 1238 populi
745 1162 776 1218 in
792 1161 848 1220 hue
864 1161 973 1236 secula,

118 1271 211 1330 donee
234 1271 271 1329 de
286 1270 455 1328 hominibus
477 1269 715 1346 praedestinatus
732 1286 874 1327 numerus
889 1267 973 1328 illius

118 1377 247 1437 civitatis
270 1377 402 1436 nondum
425 1377 575 1453 perfectus
598 1374 784 1451 eompleatar.
832 1375 891 1436 Sed
913 1393 973 1434 non

118 1484 205 1544 video
227 1503 320 1558 nune,
344 1484 489 1561 quomodo
514 1484 569 1542 seli
592 1482 703 1558 angeli,
727 1488 779 1542 aut
802 1482 856 1542 soli
880 1483 973 1542 homi-

119 1609 187 1664 ues,
222 1597 274 1650 aut
309 1591 398 1650 simul
430 1590 530 1667 angeli
562 1596 593 1649 et
618 1591 760 1650 homiues
793 1589 888 1648 saneti
920 1607 974 1665 per
1084 1622 1088 1629 ·

118 1697 196 1758 filins
223 1697 318 1757 Israel
344 1698 562 1775 intelligantur3
597 1704 714 1757 sanctos
746 1702 851 1755 autem
879 1695 973 1755 homi·

119 1803 193 1864 nes1
216 1805 294 1864 filios
309 1804 411 1879 Israel,
435 1806 514 1864 sieut
536 1805 614 1864 filios
630 1805 766 1864 Abrahae
784 1804 890 1877 vocari,
914 1821 973 1862 non

119 1917 166 1970 est
194 1911 332 1971 alienum.
383 1910 442 1984 Qui
473 1912 571 1988 angeli
604 1930 724 1988 quoque
750 1911 806 1970 Dei
837 1927 890 1986 per
918 1910 973 1968 hoe

118 2022 198 2076 recte
222 2024 349 2094 possunt
371 2020 482 2094 vocari,
510 2021 580 2096 quia
603 2020 701 2099 vitam
719 2017 884 2094 angelicam
907 2016 974 2075 imi·

119 2129 234 2198 tantur,
262 2131 352 2202 atque
377 2126 540 2186 similitudo
564 2133 593 2186 et
616 2126 779 2203 aequalitas
802 2124 974 2200 angelorum

117 2231 181 2290 illis
209 2232 392 2307 promittitur
424 2234 455 2290 in
484 2234 577 2308 coelo,
610 2239 641 2292 et
668 2233 736 2310 quia
763 2249 866 2292 omnes
891 2232 974 2306 juste

118 2338 253 2398 viventes
281 2340 378 2415 angeli
401 2340 458 2399 Dei
486 2346 566 2420 sunt
611 2339 696 2399 Unde
719 2345 749 2399 et
775 2340 834 2416 ipsi
857 2339 973 2398 confes-

67 2505 68 2508 ,
118 2463 200 2504 sores
223 2452 276 2504 aut
298 2453 445 2522 martyres
468 2447 620 2524 dicuntum
645 2447 696 2524 qui
719 2447 799 2506 enim
818 2448 974 2506 confitetur

116 2558 148 2612 et
166 2557 292 2612 testatur
311 2555 475 2628 veritatem,
495 2555 551 2614 Dei
567 2554 700 2628 nuntius²
723 2555 755 2612 id
775 2559 829 2628 est,
848 2554 975 2629 angelus

118 2661 183 2735 ejus
216 2666 269 2719 est.
321 2661 360 2720 Et
389 2663 414 2720 si
443 2662 539 2720 malus
573 2663 659 2721 homo
692 2660 800 2720 dieitur
827 2660 973 2734 diabolus,

117 2766 196 2826 sieut
210 2768 248 2826 de
263 2768 341 2826 Juda
356 2769 429 2828 dicit
445 2768 589 2828 Dominus
609 2775 730 2845 propter
746 2767 973 2827 similitudinem

116 2875 261 2934 malitiae:
294 2893 348 2934 cnr
379 2893 439 2935 non
471 2875 560 2934 etiam
593 2876 686 2935 bonus
718 2876 805 2935 homo
839 2874 975 2933 dicetur2

116 2981 241 3056 angelus
283 2988 405 3058 propter
442 2981 637 3042 imitationem
672 2981 824 3058 justitiae?
876 2981 974 3055 Quare

116 3106 289 3164 possumus,
322 3095 356 3149 ut
389 3094 473 3165 putu,
506 3089 616 3161 dicere,
652 3089 750 3148 Deum
782 3090 991 3149 constituisse

116 3195 259 3254 terminos
287 3197 470 3272 populorum
496 3197 590 3273 janula
618 3216 780 3257 numeram
812 3196 972 3256 electorum

190 3315 251 3370 ¹al.
271 3317 391 3384 angelos.
467 3316 527 3370 ²al.
548 3317 662 3370 dicatam
