2280 3870
870 39 875 46 ·
909 39 1133 92 manwen·

858 81 1140 154 adnuet&

404 336 462 380 oua
484 335 562 379 onus
585 316 687 380 nono?

117 496 194 556 Nam
217 497 299 556 illata
321 501 368 556 est
390 495 435 555 illi
453 515 546 571 mors,
571 497 641 574 quia
663 495 793 573 perstitit
815 495 848 555 in
871 496 973 556 obedi-

118 603 209 678 entia,
233 609 263 663 et
278 605 355 663 hano
371 603 526 680 sustinuit3
551 603 604 662 sed
619 603 765 680 quomodo
782 602 857 663 hoel
872 603 973 663 obedi-

118 710 199 769 entia
221 729 282 769 non
304 711 418 786 exigat,
441 729 501 770 non
524 710 667 786 intelligo.

184 818 316 877 Arsanu.
363 817 395 878 Si
419 819 506 876 homo
525 836 679 894 nunquam
697 822 861 894 peccasset,
886 818 973 877 debe·
1002 775 1062 883 ff.

118 928 164 982 ret
191 924 253 1000 pati
280 930 417 998 mortem,
445 929 497 983 aut
525 924 643 984 deberet
665 923 748 983 Deus
773 925 829 984 hoe
856 925 892 984 ab
920 897 1130 1009 illoffi‘Qvss'J*

120 1031 258 1106 exigere?
965 1005 1130 1119 x·,2'm3l“].-‘'„‘.

188 1138 270 1198 Boso.
318 1138 572 1213 Quemadmodum
604 1138 765 1211 credimus,
800 1156 855 1197 nee
886 1138 974 1197 homo

119 1250 297 1320 moreretur,
320 1264 375 1304 neo
398 1245 454 1303 hoc
476 1245 646 1320 exigeretur
669 1246 705 1303 ab
726 1244 792 1321 illo;
817 1245 870 1304 sed
885 1245 974 1321 hujus

119 1352 162 1433 rei
185 1371 202 1411 a
224 1358 255 1412 te
278 1352 379 1411 audire
402 1352 468 1410 volo
491 1350 645 1411 rationem.
696 1408 698 1414 .

187 1461 318 1519 Arssnu
364 1459 550 1518 Rationalem
582 1463 746 1517 creaturam
775 1437 887 1534 justam
914 1457 974 1517 fac·

120 1571 181 1625 tam
205 1584 283 1641 esse,
307 1571 337 1627 et
359 1566 397 1625 ad
420 1566 489 1639 hoo,
513 1570 547 1624 ut
562 1565 624 1625 Deo
645 1564 770 1624 fruendo
786 1567 871 1625 beata
886 1569 974 1638 esset,

120 1691 180 1732 non
202 1691 303 1750 negas,

186 1779 270 1841 Boso.
316 1777 391 1840 Non.

187 1888 318 1947 Ansnnu.
365 1888 428 1946 Deo
456 1865 569 1945 autem'
587 1904 774 1963 nequaquam
805 1884 975 1944 aestimabis

121 1994 291 2068 convenire,
315 1999 361 2069 ut,
385 2012 475 2071 quam
491 1993 561 2052 fecit
575 1994 686 2069 justam
701 1993 738 2051 ad
753 1992 975 2066 beatitudiuem,

121 2105 207 2176 cogat
235 2101 299 2160 sine
326 2101 415 2177 culpa
443 2118 509 2159 esse
537 2101 688 2160 miseram:
718 2099 869 2158 hominem
896 2099 976 2158 enim

120 2200 249 2266 invitum
271 2208 358 2281 mori,
382 2206 524 2266 miserum
547 2211 601 2266 est.

187 2313 272 2374 Boso.
318 2315 417 2388 Patet,
450 2314 520 2390 quia
548 2315 573 2372 si
605 2332 665 2372 non
694 2317 848 2390 peccasset
879 2313 975 2386 horno,

121 2438 180 2479 non
203 2421 324 2481 deberet
346 2422 427 2480 Deus
450 2422 486 2481 ab
509 2440 543 2481 eo
566 2426 691 2480 mortem
715 2420 841 2495 exigere.

187 2529 319 2587 Arsanu.
365 2529 433 2588 Non
469 2546 539 2604 ergo
577 2526 675 2603 co'egit
706 2527 788 2586 Deus
821 2526 1001 2613 Christum]

122 2635 209 2708 mori,
242 2635 274 2693 in
306 2654 365 2712 quo
393 2636 510 2694 nullum
541 2635 599 2693 fuit
626 2639 793 2710 peccatum3
827 2633 880 2692 sed
912 2632 977 2710 ipse

122 2747 228 2817 sponte
257 2741 400 2801 sustinuit
432 2747 569 2816 mortem,
602 2759 667 2799 non·
695 2759 749 2816 per
780 2739 977 2800 obedientiam

122 2848 276 2908 deserendi
308 2850 413 2939 uitam*⁶
451 2850 502 2908 sed
536 2853 668 2925 propter¹
688 2847 883 2907 obedientiam
917 2865 977 2907 ser·
1024 2843 1029 2847 ’

121 2954 212 3013 vandi
234 2955 392 3031 justitiam,
417 2956 449 3014 in
472 2975 531 3033 qua
554 2961 615 3016 tam
633 2955 750 3014 fortiter
768 2954 977 3030 perseveravit,

121 3066 156 3120 ut
186 3061 256 3122 inde
287 3068 413 3122 mortem
446 3062 618 3122 incurreret.
664 3063 766 3120 Potest
798 3061 887 3120 etiam
920 3059 979 3119 dici

123 3169 191 3246 quia
219 3170 370 3247 praecepit
396 3170 442 3228 illi
470 3170 544 3229 mori
572 3170 673 3243 Pater,
708 3188 777 3227 cum
807 3169 862 3226 hoo
894 3185 977 3243 prae-

311 3289 320 3319 ¹
339 3289 372 3343 al.
392 3290 465 3343 hooc
484 3289 668 3343 obedientium
687 3288 788 3356 exigat.
