2280 3870
408 365 465 407 ouu
488 365 565 407 orus
588 344 688 406 nouo?

431 593 521 658 uAP.
544 593 671 656 XXIII.

119 717 328 810 ¹Qum-abstulit
341 717 398 770 Deo
417 733 479 770 oum
498 716 630 808 peceavit,
650 716 725 805 quod
739 715 849 802 reddere
862 714 968 796 ‘nequi-t.

186 849 317 906 Ansuun.
357 845 434 919 Quid
457 846 581 904 abstulit
603 846 690 904 homo
710 845 786 917 Deo,
810 861 879 902 eum
899 844 978 902 vinei

120 973 152 1014 se
175 954 311 1031 permisit
333 973 351 1011 a
373 952 507 1012 diabolo?

186 1061 271 1120 Boso.
317 1060 373 1119 Die
395 1065 441 1133 tu,
465 1065 500 1118 ut
522 1060 673 1136 incepisti,
698 1059 767 1135 quia
791 1076 845 1134 ego
868 1051 987 1134 neseio,

119 1169 192 1246 quid
224 1186 314 1245 super
346 1169 418 1226 haee
450 1167 539 1241 maia,
572 1185 649 1243 quae
680 1165 849 1239 ostendisti,
881 1165 979 1241 potuit

118 1276 235 1334 addere

185 1384 317 1466 Ararim
368 1379 729 1460 Qnefflstniiffleo,
738 1379 908 1456 aurosum
940 1380 977 1438 de

118 1489 459 1581 Quatura
412 1506 496 1548 acere
500 1489 730 1579 propofflerat?

186 1597 271 1656 Boso.
317 1596 385 1655 Nou
407 1600 507 1672 potest
529 1595 639 1670 negari.

185 1705 317 1762 Ausrnn.
363 1702 508 1762 Intendel
530 1702 562 1760 iu
582 1703 746 1761 districtam
762 1701 922 1778 justinam,
947 1707 977 1760 et

116 1810 217 1886 judica
244 1811 407 1869 seeundum
435 1810 529 1884 illam,
558 1813 658 1867 utrum
686 1809 1090 1887 ad2aequalitatapuem11u...

118 1894 1111 2017 1111111111111111101111111110111111111,111111111111111111,(1110(1111π
1090 1848 1120 2007 11,

117 2025 240 2101 permitt
227 2024 315 2084 tendo
339 2042 371 2082 se
389 2024 468 2082 vinoi
487 2043 504 2081 a
522 2024 650 2098 diabolo,
673 2024 736 2083 Deo
754 2026 820 2083 abst
808 2023 890 2096 tulit,
915 2023 995 2085 dia·

117 2131 220 2191 bolum
242 2132 386 2190 vincendo
409 2131 559 2207 restituat3
588 2136 622 2189 ut
650 2132 899 2207 quemadmodum
922 2149 977 2207 per

117 2239 173 2297 hoe
200 2239 279 2315 quod
307 2239 405 2297 vietus
433 2244 491 2312 est,
525 2239 624 2314 rapuit
652 2238 786 2298 diabolus
814 2239 892 2315 quod
920 2239 976 2297 Dei

117 2350 193 2416 erat,
217 2350 246 2404 et
264 2345 346 2403 Deus
369 2346 511 2422 perdidit,
534 2347 576 2404 itu
599 2364 653 2422 per
676 2346 744 2421 hoo,
769 2346 847 2422 quod
867 2346 975 2418 vineat,

117 2453 222 2528 perdat
245 2452 393 2525 diaboluS,
418 2457 447 2511 et
470 2452 552 2511 Deus
575 2459 736 2530 recuperet.

184 2558 284 2625 Boso,
296 2559 360 2618 Neo
375 2560 539 2619 districtius
554 2579 609 2618 nec
623 2560 734 2635 justius
749 2561 862 2636 aliquid
877 2565 976 2636 potest

116 2665 247 2741 eogitari.

183 2773 315 2832 Ausnnu.
343 2774 474 2834 Putasne
488 2792 634 2832 summam
645 2774 788 2850 iustitiam
801 2775 877 2832 hano
885 2774 974 2849 justi-

51 2875 53 2877 ’
116 2878 187 2937 τ111111
211 2897 299 2956 posse
322 2881 450 2939 violare?

184 2986 267 3046 Boso,
314 2987 381 3046 Non
404 2988 497 3046 audeo
521 2989 659 3062 cogitare.

182 3093 313 3152 Ausrun.
364 3094 543 3153 Nullatenus
576 3113 646 3169 ergo
679 3096 766 3153 debet
797 3100 848 3153 aut
876 3099 974 3170 potest

115 3200 249 3277 aeoipere
277 3202 363 3260 homo
391 3221 408 3260 a
432 3202 507 3275 Deo,
536 3203 615 3278 quod
639 3202 720 3261 Deus
745 3202 791 3260 iili
814 3203 883 3260 dare
906 3220 973 3278 pro-

188 3319 198 3348 ¹
216 3319 249 3373 al.
270 3319 391 3373 Attende.
467 3322 477 3350 ²
495 3321 528 3374 al.
548 3327 579 3375 et.
