2280 3870
174 352 214 410 98
508 367 531 410 s.
554 367 683 408 ANSELMI

172 526 235 585 erit.
290 524 429 599 Quamvis
463 527 542 585 enim
575 527 703 584 humana
733 531 836 586 natura
871 545 888 586 a
920 527 1020 587 divina

172 633 277 692 habeat
300 633 378 710 quod
401 633 531 706 habebit,
559 633 638 691 111111
664 636 762 690 tamen
790 633 856 708 ipse
882 651 899 691 a
922 633 1020 710 seipso

173 729 322 815 (quoniam
341 738 416 797 duae
430 743 551 797 naturae
565 756 624 796 una
637 755 762 814 peisona
775 741 871 815 erunt)
890 739 1018 799 habebit.

92 855 153 891 ³
237 844 322 903 Boso.
373 843 548 936 QfePiffl
579 844 653 903 mihi
667 861 723 943 *ex
755 845 822 921 hoo;
855 849 886 933 et
918 850 1021 922 aperte

1 1016 13 1034 a
43 921 88 984 „d”
171 949 270 1032 uideo,
294 950 363 1028 quia
386 955 417 1009 et
435 967 556 1027 peccare
574 968 632 1008 non
651 949 823 1026 poterit,‘et
840 955 938 1027 tamen
955 951 1019 1027 lau-

172 1056 287 1137 dandus
310 1055 366 1115 erit
388 1055 425 1115 de
444 1055 560 1131 justitia
583 1051 646 1140 sua
690 1055 748 1115 Sed
770 1053 849 1116 nuno
876 1074 1019 1133 quaerena
1068 1100 1070 1102 -

171 1162 243 1220 dum
266 1155 402 1236 aestimo,
425 1180 493 1221 oum
516 1156 597 1220 Dens
619 1162 709 1221 talem
731 1161 825 1238 possit
847 1163 945 1221 faeere
967 1163 1019 1222 ho-

172 1270 294 1342 minem,
313 1286 366 1326 our
383 1285 443 1326 non
460 1267 535 1326 tales
549 1267 620 1327 seuit
632 1267 752 1343 angelos
770 1271 800 1326 et
817 1267 891 1326 duos
907 1268 1020 1345 primos

171 1373 318 1448 homines,
341 1377 375 1432 ut
398 1373 533 1432 similiter
555 1378 584 1432 et
607 1391 728 1450 peecare
750 1391 811 1432 non
832 1378 965 1449 possent,
989 1377 1020 1435 et

171 1480 207 1538 de
228 1478 343 1554 justitia
366 1495 425 1537 sna·
443 1478 582 1537 laudandi
598 1484 711 1538 essent.

236 1586 367 1643 Ansnnu.
413 1584 559 1660 Intelligis
583 1603 658 1662 quae
680 1584 772 1646 diois?

237 1691 320 1750 Boso.
376 1689 488 1750 Videor
525 1691 597 1749 mihi
629 1691 806 1766 intelligere,
844 1685 874 1750 et
909 1692 1019 1753 ideireo

172 1815 279 1874 quaero
302 1815 355 1856 eur
377 1814 427 1855 eos
450 1797 524 1856 tales
547 1816 606 1856 non
629 1797 715 1856 feeit?

193 1925 194 1928 ¹
236 1905 366 1962 Ansnnu.
422 1901 566 1975 Quoniam
598 1921 654 1962 neo
685 1904 793 1979 potuit,
828 1922 883 1962 neo
915 1904 1021 1964 debuit

170 2012 246 2083 fieri,
269 2013 303 2066 ut
324 2008 530 2086 unusquisque
553 2026 653 2068 eorum
676 2013 754 2068 esset
776 2009 855 2068 idem
877 2010 942 2086 ipse
965 2009 1017 2087 qui

156 2116 263 2188 'Deus,
288 2114 364 2173 siout
386 2114 423 2173 de
446 2113 564 2174 homine
586 2114 643 2173 isto
666 2114 805 2190 dicimus,
829 2119 859 2173 et
882 2114 907 2174 si
928 2133 1018 2192 quae-

88 2231 93 2243 ’
170 2222 224 2295 111,
248 2239 302 2280 eur
324 2238 383 2279 non
405 2220 455 2279 vel
478 2221 514 2279 de
537 2217 592 2279 tot¹
605 2225 676 2298 quot
699 2225 769 2279 sunt
791 2239 933 2296 personae
951 2221 1018 2296 Dei,

169 2327 217 2386 vel
236 2327 340 2386 saltem
358 2327 395 2386 (11
412 2344 471 2384 uno
489 2327 545 2386 hoo
562 2326 644 2400 feeit,
662 2327 838 2402 respondeo:
858 2327 927 2404 quia
941 2326 1017 2387 ratio

169 2439 240 2493 tuno
267 2433 330 2492 fieri
357 2432 528 2491 nullatenus
555 2433 610 2491 hoo
637 2432 785 2507 exigebat,
818 2432 870 2492 sed
897 2431 1017 2492 omnino

169 2539 249 2617 (quia
276 2539 355 2598 Deus
387 2538 463 2596 nihil
491 2539 555 2596 sine
587 2539 699 2596 ratione
726 2537 807 2615 facit)
835 2539 1014 2615 prohibebat

236 2645 320 2704 Boso.
362 2644 510 2703 Erubeseo
529 2644 599 2721 quia
617 2644 673 2703 hoo
691 2644 836 2721 quaesivi3
860 2644 920 2719 dio,
939 2661 1017 2721 quae
1058 2702 1060 2706 ,

167 2751 302 2809 dicturus
325 2768 397 2809 eras.
1040 2729 1042 2735 ’

235 2857 365 2916 Ansnnu.
416 2856 555 2915 Dicamus
583 2873 651 2930 ergo
679 2856 747 2933 quia
774 2854 846 2914 mori
878 2873 938 2913 non
964 2855 1016 2914 de·

147 2962 261 3036 beabit,
284 2961 422 3040 quoniam
445 2961 582 3021 nouerit
604 2966 747 3037 peccator.

235 3069 318 3128 Boso
366 3068 530 3128 Consedere
553 3086 601 3126 me
624 3072 744 3144 oportet.
