2280 3870
407 317 466 360 oua
488 315 567 360 unns
590 297 692 360 nono?
804 338 806 343 ι
933 298 975 358 23

122 479 154 538 Si
177 480 257 538 enim
280 478 463 537 intendimus
486 477 599 554 aliquid
621 478 730 552 faeere,
759 477 811 536 sed
838 477 977 554 proponi-

119 603 187 644 mus
210 603 264 645 nos
287 585 371 662 prius
392 584 475 644 aliud
491 585 633 659 facturos,
658 604 711 661 per
726 585 804 661 quod
819 584 896 643 illud
911 585 975 660 fiat,

120 711 189 752 cum
211 693 271 768 jam
295 692 406 751 factum
430 696 488 765 est,
517 691 596 767 quod
623 691 762 750 volumus
790 692 976 778 praeoedere,

121 800 146 858 si
173 800 207 858 fit
235 799 313 876 quod
340 799 535 872 intendimus,
568 803 648 858 reete
680 799 789 856 dieitur
820 804 978 875 propterea

120 906 199 980 fieri,
227 907 366 982 quoniam
389 906 584 979 factumest,
612 911 733 981 propter
759 906 838 982 quod
861 905 976 964 differe-

120 1013 218 1088 batnr;
248 1013 317 1088 quia
344 1031 403 1079 non
431 1013 490 1071 nisi
518 1031 571 1089 per
598 1011 674 1070 illud
701 1012 765 1070 fieri
798 1012 977 1088 dispositum

120 1125 189 1178 erat.
228 1119 305 1178 Nam
330 1120 355 1178 si
376 1120 513 1190 fluvium,
537 1137 626 1195 quem
642 1137 718 1194 equo
733 1118 782 1177 vel
797 1120 866 1178 navi
881 1125 976 1178 trans-

121 1227 164 1284 ire
192 1244 327 1302 possum,
361 1244 492 1303 propono
523 1244 572 1284 me
603 1244 663 1284 non
689 1226 749 1284 nisi
781 1226 849 1284 navi
881 1233 976 1285 trans-

120 1333 245 1407 iturum,
270 1333 433 1391 etidcirco
457 1333 562 1392 differo
580 1337 775 1407 transmeare,
799 1334 869 1409 quia
891 1334 976 1392 navis

119 1441 216 1516 abest3
250 1458 319 1499 oum
350 1440 410 1515 jam
442 1446 559 1516 praesto
588 1445 634 1498 est
661 1440 758 1513 navis,
792 1441 818 1498 si
849 1424 990 1535 transeo}

120 1551 200 1606 recta
223 1547 260 1605 de
283 1565 331 1605 me
355 1546 476 1605 dieitur:
500 1547 585 1605 navis
608 1553 710 1622 parata
729 1547 799 1621 fuit,
821 1542 997 1625 propterea}

121 1653 266 1713 transivit.
313 1653 352 1712 nt
384 1671 442 1712 non
472 1654 568 1712 solum
595 1653 637 1711 ita
663 1653 826 1728 loquimur,
859 1630 991 1729 quando}-

119 1777 173 1836 per
200 1760 289 1830 illud,
323 1761 402 1836 quod
425 1761 600 1837 praeoedere
628 1760 778 1833 volumus
808 1759 860 1819 sed
887 1761 975 1819 etiam

120 1867 237 1943 quando
253 1885 312 1926 non
329 1886 383 1943 per
398 1867 487 1940 illud,
512 1867 565 1925 sed
581 1867 785 1926 tantummodo
801 1873 870 1943 post
891 1867 975 1942 illud,

120 1974 216 2033 faeere
248 1974 330 2032 aliud
362 1973 476 2050 aliquid
508 1974 673 2032 statuimus
730 1973 762 2032 Si
797 1973 864 2050 quis
896 1973 976 2033 enim

120 2079 220 2140 differt
243 2081 343 2140 cibum
367 2099 484 2140 sumere
512 2086 667 2156 propterea
695 2080 764 2157 quia
787 2081 918 2140 nondum
942 2099 976 2140 ea

119 2187 167 2246 die
189 2187 298 2246 missae
322 2187 512 2247 celebrationi
531 2188 630 2265 affuit3
655 2193 773 2264 peraeto
797 2189 876 2264 quod
892 2188 976 2264 prius

118 2295 215 2354 faeere
243 2294 371 2368 volebat,
404 2313 463 2354 non
495 2294 657 2370 incongrue
689 2295 797 2354 dieitur
824 2279 883 2354 1111;Ι
915 2295 1014 2391 jam'ss
1075 2370 1078 2377 ἢ

120 2418 206 2460 sume
229 2401 341 2475 eibum,
370 2406 524 2477 propterea
547 2402 617 2478 qnia
638 2402 698 2478 J'am
721 2401 831 2475 fecisti,
855 2367 1061 2481 propter'fj‘¹·²

119 2508 199 2584 quod
236 2526 353 2567 sumere
391 2507 555 2567 differebas.
615 2509 710 2566 Multo
746 2507 838 2584 igitur
876 2509 975 2568 minus

119 2614 259 2674 inusitata
283 2620 330 2675 est
352 2615 474 2688 luentia,
503 2633 570 2674 oum
596 2615 732 2674 Christus
761 2615 871 2674 dieitur
893 2617 975 2675 exal-

118 2727 199 2780 tatus
221 2728 378 2799 propterea
402 2722 472 2798 quia
495 2726 620 2780 mortem
638 2721 793 2796 sustinuit,
816 2741 870 2798 per
886 2742 975 2798 qnam

118 2834 149 2886 et
171 2834 239 2904 post
262 2848 351 2905 quam
373 2829 456 2887 illam
479 2827 688 2888 exaltationem
715 2829 847 2889 decrevit
869 2831 974 2890 faeere.

118 2934 220 2994 Potest
243 2935 298 2995 hoo
321 2941 351 2995 et
374 2954 409 2995 eo
433 2935 519 2994 modo
539 2934 680 3011 intelligi,
705 2955 763 3012 quo
780 2937 857 2996 idem
874 2937 974 2995 Domi-

117 3059 175 3101 nus
202 3041 312 3118 legitur
339 3043 501 3118 profecisse
535 3042 679 3118 sapientia
711 3048 741 3102 et
773 3043 866 3120 gratia
895 3043 974 3119 apud

117 3148 228 3225 Deum;
256 3167 316 3208 non
345 3149 415 3226 quia
442 3150 484 3208 ita
512 3154 586 3221 erat,
616 3149 667 3209 sed
697 3150 765 3226 quia
788 3151 844 3210 ille
873 3151 915 3210 sio
943 3168 975 3208 se

119 3254 258 3330 habebat,
285 3274 320 3315 ao
344 3257 370 3315 si
392 3256 434 3315 ita
457 3263 543 3316 esset.
589 3256 666 3314 Nam
694 3257 737 3316 sio
760 3261 975 3333 postmortem

194 3335 271 3450 ,sti
293 3353 395 3452 11111
406 3322 794 3441 1111111111
807 3346 835 3434 ‘a
849 3351 952 3451 aa

264 3445 284 3489 '¹
622 3445 954 3609 Mateta„
