<?xml version="1.0" encoding="UTF-8"?>
<!DOCTYPE html PUBLIC "-//W3C//DTD XHTML 1.0 Transitional//EN"
    "http://www.w3.org/TR/xhtml1/DTD/xhtml1-transitional.dtd">
<html xmlns="http://www.w3.org/1999/xhtml" xml:lang="en" lang="en">
 <head>
  <title>
</title>
<meta http-equiv="Content-Type" content="text/html;charset=utf-8" />
  <meta name='ocr-system' content='tesseract 3.04.00' />
  <meta name='ocr-capabilities' content='ocr_page ocr_carea ocr_par ocr_line ocrx_word'/>
</head>
<body>
  <div class='ocr_page' id='page_1' title='image "./curdeushomolibr00ansegoog_0045.png"; bbox 0 0 2280 3870; ppageno 0'>
   <div class='ocr_carea' id='block_1_1' title="bbox 118 335 634 398">
    <p class='ocr_par' dir='ltr' id='par_1_1' title="bbox 118 335 634 398">
     <span class='ocr_line' id='line_1_1' title="bbox 118 335 634 398; baseline 0 -1"><span class='ocrx_word' id='word_1_1' title='bbox 118 335 159 398; x_wconf 82' lang='grc'>36</span> <span class='ocrx_word' id='word_1_2' title='bbox 456 354 479 397; x_wconf 87' lang='lat' dir='ltr'>s.</span> <span class='ocrx_word' id='word_1_3' title='bbox 504 352 634 397; x_wconf 73' lang='lat' dir='ltr'>insnum</span> 
     </span>
    </p>
   </div>
   <div class='ocr_carea' id='block_1_2' title="bbox 117 509 976 1031">
    <p class='ocr_par' dir='ltr' id='par_1_2' title="bbox 117 509 976 1031">
     <span class='ocr_line' id='line_1_2' title="bbox 119 509 973 590; baseline -0.007 -14"><span class='ocrx_word' id='word_1_4' title='bbox 119 509 121 512; x_wconf 56' lang='grc'>’</span> <span class='ocrx_word' id='word_1_5' title='bbox 183 517 267 575; x_wconf 88' lang='lat' dir='ltr'>Boso.</span> <span class='ocrx_word' id='word_1_6' title='bbox 315 513 420 574; x_wconf 86' lang='lat' dir='ltr'>Omnia</span> <span class='ocrx_word' id='word_1_7' title='bbox 435 513 508 571; x_wconf 91' lang='lat' dir='ltr'>mihi</span> <span class='ocrx_word' id='word_1_8' title='bbox 527 514 639 588; x_wconf 80' lang='lat' dir='ltr'>aufers,</span> <span class='ocrx_word' id='word_1_9' title='bbox 664 532 738 590; x_wconf 85' lang='lat' dir='ltr'>quae</span> <span class='ocrx_word' id='word_1_10' title='bbox 754 514 894 589; x_wconf 89' lang='lat' dir='ltr'>putabam</span> <span class='ocrx_word' id='word_1_11' title='bbox 918 511 973 571; x_wconf 86' lang='lat' dir='ltr'>tibi</span> 
     </span>
     <span class='ocr_line' id='line_1_3' title="bbox 117 621 325 700; baseline -0.014 -17"><span class='ocrx_word' id='word_1_12' title='bbox 117 641 205 700; x_wconf 84' lang='lat' dir='ltr'>posse</span> <span class='ocrx_word' id='word_1_13' title='bbox 228 621 325 698; x_wconf 82' lang='lat' dir='ltr'>objici.</span> 
     </span>
     <span class='ocr_line' id='line_1_4' title="bbox 185 726 976 802; baseline -0.006 -13"><span class='ocrx_word' id='word_1_14' title='bbox 185 731 316 789; x_wconf 80' lang='lat' dir='ltr'>Ausann.</span> <span class='ocrx_word' id='word_1_15' title='bbox 363 729 439 788; x_wconf 86' lang='lat' dir='ltr'>Vide</span> <span class='ocrx_word' id='word_1_16' title='bbox 462 729 571 802; x_wconf 67' lang='lat' dir='ltr'>adhuc„</span> <span class='ocrx_word' id='word_1_17' title='bbox 595 747 648 786; x_wconf 89' lang='lat' dir='ltr'>eur</span> <span class='ocrx_word' id='word_1_18' title='bbox 670 728 766 785; x_wconf 90' lang='lat' dir='ltr'>Deum</span> <span class='ocrx_word' id='word_1_19' title='bbox 789 745 849 785; x_wconf 90' lang='lat' dir='ltr'>non</span> <span class='ocrx_word' id='word_1_20' title='bbox 872 726 976 785; x_wconf 82' lang='lat' dir='ltr'>deceat</span> 
     </span>
     <span class='ocr_line' id='line_1_5' title="bbox 118 815 871 896; baseline -0.007 0"><span class='ocrx_word' id='word_1_21' title='bbox 118 838 174 896; x_wconf 86' lang='lat' dir='ltr'>hoe</span> <span class='ocrx_word' id='word_1_22' title='bbox 196 837 302 896; x_wconf 85' lang='lat' dir='ltr'>faeere.</span> <span class='ocrx_word' id='word_1_23' title='bbox 869 815 871 818; x_wconf 9' lang='grc' dir='ltr'><em>Α</em></span> 
     </span>
     <span class='ocr_line' id='line_1_6' title="bbox 185 939 902 1031; baseline -0.006 -29"><span class='ocrx_word' id='word_1_24' title='bbox 185 945 269 1003; x_wconf 85' lang='lat' dir='ltr'>Boso.</span> <span class='ocrx_word' id='word_1_25' title='bbox 315 943 456 1002; x_wconf 84' lang='lat' dir='ltr'>Libenter</span> <span class='ocrx_word' id='word_1_26' title='bbox 478 943 627 1016; x_wconf 73' lang='lat' dir='ltr'>ausculto,</span> <span class='ocrx_word' id='word_1_27' title='bbox 651 941 796 1019; x_wconf 85' lang='lat' dir='ltr'>quidquid</span> <span class='ocrx_word' id='word_1_28' title='bbox 820 939 902 1031; x_wconf 72' lang='lat' dir='ltr'>(ticio.</span> 
     </span>
    </p>
   </div>
   <div class='ocr_carea' id='block_1_3' title="bbox 446 1118 652 1182">
    <p class='ocr_par' dir='ltr' id='par_1_3' title="bbox 446 1118 652 1182">
     <span class='ocr_line' id='line_1_7' title="bbox 446 1118 652 1182; baseline -0.005 0"><span class='ocrx_word' id='word_1_29' title='bbox 446 1119 537 1182; x_wconf 77' lang='lat' dir='ltr'>onP.</span> <span class='ocrx_word' id='word_1_30' title='bbox 561 1118 652 1182; x_wconf 89' lang='lat' dir='ltr'>XIII.</span> 
     </span>
    </p>
   </div>
   <div class='ocr_carea' id='block_1_4' title="bbox 53 1215 1006 1434">
    <p class='ocr_par' dir='ltr' id='par_1_4' title="bbox 53 1215 1006 1434">
     <span class='ocr_line' id='line_1_8' title="bbox 53 1215 977 1290; baseline -0.004 -14"><span class='ocrx_word' id='word_1_31' title='bbox 53 1241 56 1244; x_wconf 53' lang='lat'><strong>⁴</strong></span> <span class='ocrx_word' id='word_1_32' title='bbox 120 1224 196 1290; x_wconf 78' lang='lat' dir='ltr'>Quod</span> <span class='ocrx_word' id='word_1_33' title='bbox 214 1223 280 1277; x_wconf 88' lang='lat' dir='ltr'><strong>nihil</strong></span> <span class='ocrx_word' id='word_1_34' title='bbox 298 1224 387 1277; x_wconf 84' lang='lat' dir='ltr'>minus</span> <span class='ocrx_word' id='word_1_35' title='bbox 407 1224 442 1276; x_wconf 82' lang='lat' dir='ltr'>sit</span> <span class='ocrx_word' id='word_1_36' title='bbox 453 1222 621 1276; x_wconf 83' lang='lat' dir='ltr'>tolerandum</span> <span class='ocrx_word' id='word_1_37' title='bbox 633 1224 660 1275; x_wconf 90' lang='lat' dir='ltr'>iu</span> <span class='ocrx_word' id='word_1_38' title='bbox 672 1215 762 1276; x_wconf 86' lang='lat' dir='ltr'>rerum</span> <span class='ocrx_word' id='word_1_39' title='bbox 776 1221 875 1287; x_wconf 65' lang='lat' dir='ltr'>ordine,</span> <span class='ocrx_word' id='word_1_40' title='bbox 896 1236 977 1288; x_wconf 91' lang='lat' dir='ltr'>quam</span> 
     </span>
     <span class='ocr_line' id='line_1_9' title="bbox 191 1292 978 1359; baseline -0.006 -11"><span class='ocrx_word' id='word_1_41' title='bbox 191 1297 221 1348; x_wconf 90' lang='lat' dir='ltr'>ut</span> <span class='ocrx_word' id='word_1_42' title='bbox 244 1302 363 1348; x_wconf 86' lang='lat' dir='ltr'>ereatura</span> <span class='ocrx_word' id='word_1_43' title='bbox 382 1295 498 1348; x_wconf 81' lang='lat' dir='ltr'>Creatori</span> <span class='ocrx_word' id='word_1_44' title='bbox 521 1295 640 1348; x_wconf 82' lang='lat' dir='ltr'>debiturn</span> <span class='ocrx_word' id='word_1_45' title='bbox 663 1292 790 1348; x_wconf 78' lang='lat' dir='ltr'><strong>honorem</strong></span> <span class='ocrx_word' id='word_1_46' title='bbox 812 1293 928 1359; x_wconf 81' lang='lat' dir='ltr'>auferat,</span> <span class='ocrx_word' id='word_1_47' title='bbox 951 1293 978 1344; x_wconf 88' lang='lat' dir='ltr'>et</span> 
     </span>
     <span class='ocr_line' id='line_1_10' title="bbox 191 1365 1006 1434; baseline -0.002 -16"><span class='ocrx_word' id='word_1_48' title='bbox 191 1383 243 1420; x_wconf 92' lang='lat' dir='ltr'>uon</span> <span class='ocrx_word' id='word_1_49' title='bbox 262 1365 360 1434; x_wconf 76' lang='lat' dir='ltr'>solvat,</span> <span class='ocrx_word' id='word_1_50' title='bbox 381 1365 452 1434; x_wconf 91' lang='lat' dir='ltr'>quod</span> <span class='ocrx_word' id='word_1_51' title='bbox 470 1365 564 1419; x_wconf 78' lang='lat' dir='ltr'>aufert.</span> <span class='ocrx_word' id='word_1_52' title='bbox 1003 1383 1006 1386; x_wconf 58' lang='grc'>’</span> 
     </span>
    </p>
   </div>
   <div class='ocr_carea' id='block_1_5' title="bbox 120 1459 983 3354">
    <p class='ocr_par' dir='ltr' id='par_1_5' title="bbox 120 1459 979 1752">
     <span class='ocr_line' id='line_1_11' title="bbox 187 1459 977 1519; baseline -0.006 0"><span class='ocrx_word' id='word_1_53' title='bbox 187 1462 319 1519; x_wconf 78' lang='lat' dir='ltr'>Ansrnm</span> <span class='ocrx_word' id='word_1_54' title='bbox 351 1460 435 1518; x_wconf 86' lang='lat' dir='ltr'>Nihil</span> <span class='ocrx_word' id='word_1_55' title='bbox 452 1461 550 1519; x_wconf 91' lang='lat' dir='ltr'>minus</span> <span class='ocrx_word' id='word_1_56' title='bbox 566 1460 753 1519; x_wconf 85' lang='lat' dir='ltr'>tolerandum</span> <span class='ocrx_word' id='word_1_57' title='bbox 769 1465 816 1519; x_wconf 90' lang='lat' dir='ltr'>est</span> <span class='ocrx_word' id='word_1_58' title='bbox 830 1459 862 1516; x_wconf 89' lang='lat' dir='ltr'>in</span> <span class='ocrx_word' id='word_1_59' title='bbox 877 1475 977 1516; x_wconf 91' lang='lat' dir='ltr'>rerum</span> 
     </span>
     <span class='ocr_line' id='line_1_12' title="bbox 121 1565 979 1643; baseline -0.005 -17"><span class='ocrx_word' id='word_1_60' title='bbox 121 1567 235 1641; x_wconf 79' lang='lat' dir='ltr'>ordine,</span> <span class='ocrx_word' id='word_1_61' title='bbox 260 1586 349 1643; x_wconf 85' lang='lat' dir='ltr'>quam</span> <span class='ocrx_word' id='word_1_62' title='bbox 371 1572 406 1625; x_wconf 91' lang='lat' dir='ltr'>ut</span> <span class='ocrx_word' id='word_1_63' title='bbox 429 1573 562 1626; x_wconf 82' lang='lat' dir='ltr'>ereatura</span> <span class='ocrx_word' id='word_1_64' title='bbox 578 1567 708 1628; x_wconf 79' lang='lat' dir='ltr'>Creatori</span> <span class='ocrx_word' id='word_1_65' title='bbox 731 1568 864 1626; x_wconf 81' lang='lat' dir='ltr'>debitum</span> <span class='ocrx_word' id='word_1_66' title='bbox 888 1565 979 1623; x_wconf 92' lang='lat' dir='ltr'>hono·</span> 
     </span>
     <span class='ocr_line' id='line_1_13' title="bbox 120 1674 831 1752; baseline -0.001 -20"><span class='ocrx_word' id='word_1_67' title='bbox 120 1674 333 1748; x_wconf 80' lang='lat' dir='ltr'>remanserat,</span> <span class='ocrx_word' id='word_1_68' title='bbox 358 1680 388 1733; x_wconf 88' lang='lat' dir='ltr'>et</span> <span class='ocrx_word' id='word_1_69' title='bbox 411 1693 470 1733; x_wconf 93' lang='lat' dir='ltr'>non</span> <span class='ocrx_word' id='word_1_70' title='bbox 495 1676 602 1749; x_wconf 85' lang='lat' dir='ltr'>solvat,</span> <span class='ocrx_word' id='word_1_71' title='bbox 626 1675 705 1752; x_wconf 83' lang='lat' dir='ltr'>quod</span> <span class='ocrx_word' id='word_1_72' title='bbox 728 1676 831 1733; x_wconf 83' lang='lat' dir='ltr'>aufert.</span> 
     </span>
    </p>

    <p class='ocr_par' dir='ltr' id='par_1_6' title="bbox 188 1781 622 1841">
     <span class='ocr_line' id='line_1_14' title="bbox 188 1781 622 1841; baseline 0.002 -2"><span class='ocrx_word' id='word_1_73' title='bbox 188 1782 272 1841; x_wconf 90' lang='lat' dir='ltr'>Boso.</span> <span class='ocrx_word' id='word_1_74' title='bbox 318 1781 384 1840; x_wconf 86' lang='lat' dir='ltr'>Hoo</span> <span class='ocrx_word' id='word_1_75' title='bbox 407 1782 483 1840; x_wconf 90' lang='lat' dir='ltr'>nihil</span> <span class='ocrx_word' id='word_1_76' title='bbox 506 1782 622 1841; x_wconf 81' lang='lat' dir='ltr'>elarius.</span> 
     </span>
    </p>

    <p class='ocr_par' dir='ltr' id='par_1_7' title="bbox 122 1887 979 2072">
     <span class='ocr_line' id='line_1_15' title="bbox 188 1887 979 1964; baseline -0.004 -18"><span class='ocrx_word' id='word_1_77' title='bbox 188 1890 321 1947; x_wconf 69' lang='lat' dir='ltr'>husun.</span> <span class='ocrx_word' id='word_1_78' title='bbox 354 1887 437 1946; x_wconf 90' lang='lat' dir='ltr'>Nihil</span> <span class='ocrx_word' id='word_1_79' title='bbox 453 1896 552 1948; x_wconf 90' lang='lat' dir='ltr'>autem</span> <span class='ocrx_word' id='word_1_80' title='bbox 567 1889 708 1964; x_wconf 89' lang='lat' dir='ltr'>injustius</span> <span class='ocrx_word' id='word_1_81' title='bbox 724 1888 874 1961; x_wconf 77' lang='lat' dir='ltr'>toleratur,</span> <span class='ocrx_word' id='word_1_82' title='bbox 890 1904 979 1962; x_wconf 83' lang='lat' dir='ltr'>quam</span> 
     </span>
     <span class='ocr_line' id='line_1_16' title="bbox 122 1995 688 2072; baseline 0.004 -19"><span class='ocrx_word' id='word_1_83' title='bbox 122 2014 180 2072; x_wconf 93' lang='lat' dir='ltr'>quo</span> <span class='ocrx_word' id='word_1_84' title='bbox 203 1995 278 2053; x_wconf 88' lang='lat' dir='ltr'>nihii</span> <span class='ocrx_word' id='word_1_85' title='bbox 301 1995 400 2054; x_wconf 89' lang='lat' dir='ltr'>minus</span> <span class='ocrx_word' id='word_1_86' title='bbox 424 2001 471 2055; x_wconf 86' lang='lat' dir='ltr'>est</span> <span class='ocrx_word' id='word_1_87' title='bbox 493 1997 688 2056; x_wconf 84' lang='lat' dir='ltr'>tolerandum.</span> 
     </span>
    </p>

    <p class='ocr_par' dir='ltr' id='par_1_8' title="bbox 188 2102 762 2180">
     <span class='ocr_line' id='line_1_17' title="bbox 188 2102 762 2180; baseline 0 -20"><span class='ocrx_word' id='word_1_88' title='bbox 188 2102 273 2160; x_wconf 82' lang='lat' dir='ltr'>Bosu</span> <span class='ocrx_word' id='word_1_89' title='bbox 319 2103 425 2180; x_wconf 86' lang='lat' dir='ltr'>Neque</span> <span class='ocrx_word' id='word_1_90' title='bbox 447 2104 504 2163; x_wconf 83' lang='lat' dir='ltr'>hoc</span> <span class='ocrx_word' id='word_1_91' title='bbox 526 2109 573 2162; x_wconf 86' lang='lat' dir='ltr'>est</span> <span class='ocrx_word' id='word_1_92' title='bbox 596 2105 762 2163; x_wconf 84' lang='lat' dir='ltr'>obscurum.</span> 
     </span>
    </p>

    <p class='ocr_par' dir='ltr' id='par_1_9' title="bbox 123 2207 981 2501">
     <span class='ocr_line' id='line_1_18' title="bbox 189 2207 981 2288; baseline -0.001 -23"><span class='ocrx_word' id='word_1_93' title='bbox 189 2209 321 2268; x_wconf 82' lang='lat' dir='ltr'>Ausann.</span> <span class='ocrx_word' id='word_1_94' title='bbox 368 2210 444 2270; x_wconf 89' lang='lat' dir='ltr'>Puto</span> <span class='ocrx_word' id='word_1_95' title='bbox 472 2229 553 2286; x_wconf 81' lang='lat' dir='ltr'>ergo,</span> <span class='ocrx_word' id='word_1_96' title='bbox 587 2211 656 2288; x_wconf 89' lang='lat' dir='ltr'>quia</span> <span class='ocrx_word' id='word_1_97' title='bbox 682 2228 742 2268; x_wconf 92' lang='lat' dir='ltr'>non</span> <span class='ocrx_word' id='word_1_98' title='bbox 774 2210 854 2267; x_wconf 80' lang='lat' dir='ltr'>diues</span> <span class='ocrx_word' id='word_1_99' title='bbox 881 2207 981 2265; x_wconf 91' lang='lat' dir='ltr'>Deum</span> 
     </span>
     <span class='ocr_line' id='line_1_19' title="bbox 123 2315 981 2394; baseline 0 -22"><span class='ocrx_word' id='word_1_100' title='bbox 123 2315 229 2374; x_wconf 90' lang='lat' dir='ltr'>dehere</span> <span class='ocrx_word' id='word_1_101' title='bbox 252 2317 389 2392; x_wconf 85' lang='lat' dir='ltr'>tolerare,</span> <span class='ocrx_word' id='word_1_102' title='bbox 418 2337 475 2394; x_wconf 88' lang='lat' dir='ltr'>quo</span> <span class='ocrx_word' id='word_1_103' title='bbox 498 2319 574 2377; x_wconf 89' lang='lat' dir='ltr'>nihil</span> <span class='ocrx_word' id='word_1_104' title='bbox 598 2318 740 2394; x_wconf 87' lang='lat' dir='ltr'>injustius</span> <span class='ocrx_word' id='word_1_105' title='bbox 762 2317 918 2391; x_wconf 74' lang='lat' dir='ltr'>toleratur,</span> <span class='ocrx_word' id='word_1_106' title='bbox 946 2319 981 2373; x_wconf 91' lang='lat' dir='ltr'>ut</span> 
     </span>
     <span class='ocr_line' id='line_1_20' title="bbox 124 2411 895 2501; baseline 0.001 -22"><span class='ocrx_word' id='word_1_107' title='bbox 124 2422 203 2499; x_wconf 89' lang='lat' dir='ltr'>quod</span> <span class='ocrx_word' id='word_1_108' title='bbox 226 2427 360 2482; x_wconf 86' lang='lat' dir='ltr'>ereatura</span> <span class='ocrx_word' id='word_1_109' title='bbox 382 2411 442 2482; x_wconf 90' lang='lat' dir='ltr'>non</span> <span class='ocrx_word' id='word_1_110' title='bbox 464 2425 569 2484; x_wconf 82' lang='lat' dir='ltr'>reddat</span> <span class='ocrx_word' id='word_1_111' title='bbox 591 2425 667 2499; x_wconf 82' lang='lat' dir='ltr'>Dee,</span> <span class='ocrx_word' id='word_1_112' title='bbox 691 2425 769 2501; x_wconf 88' lang='lat' dir='ltr'>quod</span> <span class='ocrx_word' id='word_1_113' title='bbox 792 2423 895 2481; x_wconf 79' lang='lat' dir='ltr'>aufert.</span> 
     </span>
    </p>

    <p class='ocr_par' dir='ltr' id='par_1_10' title="bbox 190 2530 958 2608">
     <span class='ocr_line' id='line_1_21' title="bbox 190 2530 958 2608; baseline 0 -21"><span class='ocrx_word' id='word_1_114' title='bbox 190 2530 275 2588; x_wconf 74' lang='lat' dir='ltr'>Boso,</span> <span class='ocrx_word' id='word_1_115' title='bbox 321 2531 416 2590; x_wconf 91' lang='lat' dir='ltr'>Immo</span> <span class='ocrx_word' id='word_1_116' title='bbox 439 2532 559 2608; x_wconf 89' lang='lat' dir='ltr'>penitus</span> <span class='ocrx_word' id='word_1_117' title='bbox 583 2533 753 2607; x_wconf 80' lang='lat' dir='ltr'>negandum</span> <span class='ocrx_word' id='word_1_118' title='bbox 775 2549 841 2590; x_wconf 90' lang='lat' dir='ltr'>esse</span> <span class='ocrx_word' id='word_1_119' title='bbox 864 2530 958 2588; x_wconf 81' lang='lat' dir='ltr'>rideo.</span> 
     </span>
    </p>

    <p class='ocr_par' dir='ltr' id='par_1_11' title="bbox 123 2636 982 3035">
     <span class='ocr_line' id='line_1_22' title="bbox 191 2636 981 2714; baseline 0.001 -21"><span class='ocrx_word' id='word_1_120' title='bbox 191 2637 322 2695; x_wconf 77' lang='lat' dir='ltr'>Austrum.</span> <span class='ocrx_word' id='word_1_121' title='bbox 369 2639 446 2697; x_wconf 88' lang='lat' dir='ltr'>Item</span> <span class='ocrx_word' id='word_1_122' title='bbox 470 2639 495 2697; x_wconf 86' lang='lat' dir='ltr'>si</span> <span class='ocrx_word' id='word_1_123' title='bbox 511 2640 572 2698; x_wconf 90' lang='lat' dir='ltr'>Deo</span> <span class='ocrx_word' id='word_1_124' title='bbox 593 2640 668 2697; x_wconf 88' lang='lat' dir='ltr'>nihii</span> <span class='ocrx_word' id='word_1_125' title='bbox 688 2639 785 2714; x_wconf 86' lang='lat' dir='ltr'>majus</span> <span class='ocrx_word' id='word_1_126' title='bbox 805 2643 857 2695; x_wconf 88' lang='lat' dir='ltr'>aut</span> <span class='ocrx_word' id='word_1_127' title='bbox 874 2636 981 2694; x_wconf 85' lang='lat' dir='ltr'>melius</span> 
     </span>
     <span class='ocr_line' id='line_1_23' title="bbox 124 2743 982 2823; baseline -0.001 -23"><span class='ocrx_word' id='word_1_128' title='bbox 124 2748 182 2817; x_wconf 89' lang='lat' dir='ltr'>est,</span> <span class='ocrx_word' id='word_1_129' title='bbox 215 2743 291 2801; x_wconf 91' lang='lat' dir='ltr'>nihil</span> <span class='ocrx_word' id='word_1_130' title='bbox 319 2745 431 2819; x_wconf 87' lang='lat' dir='ltr'>justius</span> <span class='ocrx_word' id='word_1_131' title='bbox 469 2765 558 2823; x_wconf 88' lang='lat' dir='ltr'>quam</span> <span class='ocrx_word' id='word_1_132' title='bbox 594 2747 735 2805; x_wconf 87' lang='lat' dir='ltr'>honorem</span> <span class='ocrx_word' id='word_1_133' title='bbox 767 2745 849 2803; x_wconf 86' lang='lat' dir='ltr'>illius</span> <span class='ocrx_word' id='word_1_134' title='bbox 883 2748 982 2802; x_wconf 88' lang='lat' dir='ltr'>servat</span> 
     </span>
     <span class='ocr_line' id='line_1_24' title="bbox 123 2849 982 2929; baseline 0.001 -23"><span class='ocrx_word' id='word_1_135' title='bbox 123 2849 155 2907; x_wconf 90' lang='lat' dir='ltr'>in</span> <span class='ocrx_word' id='word_1_136' title='bbox 179 2868 278 2908; x_wconf 89' lang='lat' dir='ltr'>rerum</span> <span class='ocrx_word' id='word_1_137' title='bbox 306 2851 498 2926; x_wconf 87' lang='lat' dir='ltr'>dispositione</span> <span class='ocrx_word' id='word_1_138' title='bbox 526 2872 642 2912; x_wconf 88' lang='lat' dir='ltr'>summa</span> <span class='ocrx_word' id='word_1_139' title='bbox 666 2852 795 2929; x_wconf 85' lang='lat' dir='ltr'>justitia,</span> <span class='ocrx_word' id='word_1_140' title='bbox 824 2869 899 2928; x_wconf 87' lang='lat' dir='ltr'>quae</span> <span class='ocrx_word' id='word_1_141' title='bbox 922 2868 982 2908; x_wconf 93' lang='lat' dir='ltr'>non</span> 
     </span>
     <span class='ocr_line' id='line_1_25' title="bbox 125 2956 602 3035; baseline 0.013 -21"><span class='ocrx_word' id='word_1_142' title='bbox 125 2961 173 3014; x_wconf 87' lang='lat' dir='ltr'>est</span> <span class='ocrx_word' id='word_1_143' title='bbox 195 2956 288 3031; x_wconf 80' lang='lat' dir='ltr'>aliud,</span> <span class='ocrx_word' id='word_1_144' title='bbox 313 2976 401 3035; x_wconf 84' lang='lat' dir='ltr'>quam</span> <span class='ocrx_word' id='word_1_145' title='bbox 424 2960 489 3035; x_wconf 87' lang='lat' dir='ltr'>ipse</span> <span class='ocrx_word' id='word_1_146' title='bbox 512 2961 602 3021; x_wconf 81' lang='lat' dir='ltr'>Deus,</span> 
     </span>
    </p>

    <p class='ocr_par' dir='ltr' id='par_1_12' title="bbox 192 3063 788 3144">
     <span class='ocr_line' id='line_1_26' title="bbox 192 3063 788 3144; baseline 0.008 -23"><span class='ocrx_word' id='word_1_147' title='bbox 192 3063 276 3122; x_wconf 79' lang='lat' dir='ltr'>Bosa.</span> <span class='ocrx_word' id='word_1_148' title='bbox 322 3064 387 3124; x_wconf 87' lang='lat' dir='ltr'>Hoo</span> <span class='ocrx_word' id='word_1_149' title='bbox 410 3085 526 3144; x_wconf 89' lang='lat' dir='ltr'>quoque</span> <span class='ocrx_word' id='word_1_150' title='bbox 550 3067 625 3126; x_wconf 90' lang='lat' dir='ltr'>nihil</span> <span class='ocrx_word' id='word_1_151' title='bbox 647 3068 788 3144; x_wconf 80' lang='lat' dir='ltr'>apertius,</span> 
     </span>
    </p>

    <p class='ocr_par' dir='ltr' id='par_1_13' title="bbox 126 3171 983 3354">
     <span class='ocr_line' id='line_1_27' title="bbox 192 3171 983 3250; baseline 0.003 -22"><span class='ocrx_word' id='word_1_152' title='bbox 192 3171 324 3230; x_wconf 81' lang='lat' dir='ltr'>Ausnnu.</span> <span class='ocrx_word' id='word_1_153' title='bbox 379 3171 463 3231; x_wconf 91' lang='lat' dir='ltr'>Nihil</span> <span class='ocrx_word' id='word_1_154' title='bbox 504 3193 574 3250; x_wconf 88' lang='lat' dir='ltr'>ergo</span> <span class='ocrx_word' id='word_1_155' title='bbox 612 3181 708 3237; x_wconf 85' lang='lat' dir='ltr'>servat</span> <span class='ocrx_word' id='word_1_156' title='bbox 746 3175 828 3234; x_wconf 89' lang='lat' dir='ltr'>Deus</span> <span class='ocrx_word' id='word_1_157' title='bbox 865 3172 983 3249; x_wconf 76' lang='lat' dir='ltr'>justius,</span> 
     </span>
     <span class='ocr_line' id='line_1_28' title="bbox 126 3278 658 3354; baseline 0.013 -19"><span class='ocrx_word' id='word_1_158' title='bbox 126 3294 216 3353; x_wconf 91' lang='lat' dir='ltr'>quam</span> <span class='ocrx_word' id='word_1_159' title='bbox 240 3296 310 3337; x_wconf 89' lang='lat' dir='ltr'>suae</span> <span class='ocrx_word' id='word_1_160' title='bbox 333 3278 487 3354; x_wconf 78' lang='lat' dir='ltr'>diguitatiS</span> <span class='ocrx_word' id='word_1_161' title='bbox 510 3281 658 3342; x_wconf 88' lang='lat' dir='ltr'>honorem.</span> 
     </span>
    </p>
   </div>
   <div class='ocr_carea' id='block_1_6' title="bbox 0 0 1156 3870">
    <p class='ocr_par' dir='ltr' id='par_1_14' title="bbox 0 0 1156 3870">
     <span class='ocr_line' id='line_1_29' title="bbox 0 0 1156 3870; baseline 0 0"><span class='ocrx_word' id='word_1_162' title='bbox 0 0 1156 3870; x_wconf 95' lang='lat' dir='ltr'> </span> 
     </span>
    </p>
   </div>
  </div>
 </body>
</html>
