2280 3870
408 330 466 374 orn
488 329 566 374 nuos
589 311 691 374 nouo?
771 325 774 330 '
956 313 972 372 7

120 491 201 566 gioso
225 491 324 550 studio
347 497 466 568 petimt,
490 493 608 550 tentabo
624 509 678 569 pro
697 510 763 551 mea
778 491 974 568 possibilitate

120 598 193 675 (Deo
216 598 374 673 adjuvante
401 605 431 658 et
458 599 567 657 vestris
594 597 787 671 orationibus,
817 616 890 675 quas
919 599 975 657 hoo

119 706 304 780 postulantes
328 724 416 782 saepe
439 705 512 764 mihi
535 705 648 780 petenti
668 705 706 764 ad
721 706 778 764 hoo
792 682 894 823 ipsimi
908 723 974 781 pro-

119 810 253 889 misistis)
278 813 357 888 quod
380 812 521 888 quaeritis
537 830 597 871 non
616 817 678 870 tam
693 811 861 886 ostendere,
876 801 975 888 Lquam

118 923 218 977 teoum
241 937 394 996 quaerere3
424 919 534 979 sedeo
557 923 656 994 puoto,
685 936 742 995 quo
765 913 875 993 omnia,
900 937 975 995 quae
1098 982 1120 1003 ε,

119 1025 198 1098 dieo,
230 1025 324 1102 aooipi
347 1027 427 1105 volo:
460 1025 610 1100 videlieet,
642 1031 677 1084 ut
710 1025 736 1084 si
764 1025 836 1102 quid
863 1024 974 1100 dixere,
998 989 1134 1122 &staff

119 1132 199 1208 quod
210 1132 303 1208 major
316 1151 376 1191 non
391 1133 544 1192 confirmet
559 1132 730 1210 auotoritas,
748 1132 884 1208 quamvis
899 1132 975 1190 illud
995 1108 1077 1179 *W

118 1238 232 1298 ratione
255 1241 379 1316 probare
400 1239 516 1313 ridear,
539 1256 599 1297 non
620 1239 678 1297 alia
701 1239 877 1298 certitudine
900 1240 975 1298 aeci-

119 1346 230 1421 piatur,
253 1346 311 1405 nisi
336 1347 405 1424 quia
427 1346 547 1404 interim
569 1345 643 1403 mihi
666 1345 708 1404 ita
727 1345 858 1420 videtur,
882 1346 975 1405 doneo
1081 1360 1084 1365 ⁴

118 1454 192 1511 mihi
215 1453 297 1511 Deus
320 1455 428 1512 melius
451 1452 657 1529 aliquomodo
680 1452 800 1510 revelet.
847 1451 932 1525 Quod
948 1453 974 1512 si

118 1560 305 1636 aliquatenus
329 1559 494 1637 quaestioni
509 1563 578 1618 tuae
594 1559 763 1618 satisfacere
778 1562 888 1634 potero,
913 1577 975 1618 oer-

118 1672 182 1725 tum
206 1686 272 1726 esse
296 1666 426 1740 debebit,
456 1667 526 1742 quia
549 1671 579 1724 et
602 1665 763 1741 sapientior
785 1683 833 1724 me
856 1666 974 1742 plenius

118 1775 174 1832 hoo
201 1776 296 1833 faeere
323 1773 445 1851 poterim
474 1773 533 1832 imo
562 1772 715 1831 soiendum
743 1776 801 1845 est,
830 1772 975 1849 quidquid

118 1881 204 1940 homo
227 1881 296 1940 inde
320 1881 418 1940 dioere
440 1881 489 1939 rei
510 1880 585 1938 seire
601 1879 709 1955 possit,
733 1878 852 1937 altiores
875 1883 974 1939 tantae

117 1988 159 2045 rei
184 1988 280 2046 adhue
302 1990 395 2047 latere
417 1987 553 2046 rationes.
945 1997 947 2002 ⁴
1040 2052 1044 2063 ⁸
1080 2026 1117 2070 „s

185 2094 269 2153 Boso.
315 2094 340 2151 P
371 2062 421 2152 ede
451 2078 557 2169 igitur,
590 2098 623 2151 ut
655 2092 754 2153 verbis
781 2097 849 2152 utar
870 2093 974 2153 infide
987 2046 1131 2190 ὢν

120 2200 206 2276 lium,
241 2219 369 2276 aequum
401 2201 481 2261 enim
504 2204 562 2274 est,
595 2205 641 2275 ut,
674 2219 742 2259 oum
765 2206 883 2260 nostrae
905 2171 1043 2260 fideiq-

117 2307 261 2365 rationem
284 2307 438 2367 studemus
461 2307 623 2385 inquirere,
651 2306 815 2384 ponamusl
837 2308 974 2384 objectio·

117 2431 171 2471 nes
194 2431 309 2487 eormn,
334 2414 386 2492 qui
408 2415 579 2473 nullatenus
601 2415 640 2473 ad
661 2414 752 2473 fidem
770 2415 894 2474 eandem
911 2415 974 2474 sine

117 2521 230 2579 ratione
252 2522 357 2580 volunt
379 2521 527 2580 aooedere.
574 2520 715 2594 Quamvis
738 2521 818 2580 enim
840 2522 885 2590 illi
908 2522 974 2581 ideo

117 2627 260 2686 rationem
289 2634 443 2704 quaerant,
472 2629 542 2705 quia
569 2646 629 2687 non
652 2628 789 2703 eredunt,
816 2646 872 2688 nos
894 2647 972 2703 vero,

118 2735 187 2809 quia
209 2735 371 2809 oredimus,
399 2754 493 2793 unum
521 2735 659 2812 idemque
682 2740 782 2794 tamen
807 2740 866 2810 est,
895 2735 974 2812 qnod

118 2842 300 2918 quaerimus,
328 2847 359 2900 et
389 2843 414 2900 si
438 2841 511 2918 quid
533 2842 735 2918 responderis,
759 2843 808 2901 oui
830 2842 926 2901 autori

119 2963 201 3004 soora
223 2948 368 3008 obsistere
386 2949 536 3022 videatur,
561 2949 649 3007 lioeat
671 2949 745 3007 mihi
763 2847 997 3031 ὥ
1041 2976 1055 3013 r

118 3051 219 3133 (ΕΜ
242 3061 389 3130 quatenus
412 3056 557 3132 quomodo
579 3073 639 3114 non
662 3055 799 3128 obsistat,
822 3055 945 3132 aperias.
996 3029 1065 3135 ,ΞΜ

183 3161 314 3220 Ausmn.
362 3162 429 3237 Dio,
453 3162 533 3239 quod
557 3162 611 3221 tibi
633 3161 760 3221 videtur.

190 3279 250 3333 ¹al.
268 3297 382 3348 ponam.
457 3281 519 3336 ²ul.
539 3281 686 3336 ostendere.
807 3302 811 3313 ·
858 3314 862 3321 ·
994 3334 997 3339 .
1036 3262 1101 3616 ¹
