2280 3870
406 349 465 392 111
486 348 564 392 uuus
588 330 690 393 nouo?
933 331 975 393 47

122 513 222 568 tamen
250 509 283 568 iu
310 510 430 570 coelesti
463 509 583 570 civitate
615 529 704 569 suum
732 510 830 570 locum
859 511 977 570 habuis-

122 621 197 675 sent.
237 616 377 694 Sequitur
399 618 507 695 itaque,
531 619 602 695 quia
623 618 655 675 iu
670 619 794 695 angelis,
818 623 977 694 antequam

121 723 242 800 quidam
270 721 388 783 illorum
416 725 568 799 caderent,
597 743 656 784 non
684 730 746 784 erat
768 724 819 784 ille
841 725 977 801 pefectus
1075 709 1077 712 ’

120 848 277 906 numerus,
305 830 437 909 alioquin
460 850 582 892 necesse
605 838 681 907 erat,
712 838 745 891 ut
767 838 819 891 aut
841 832 976 892 homines

120 943 172 997 aut
194 937 294 1012 angeli
317 938 409 1016 aliqui
432 940 582 999 caderent:
607 939 746 1017 quoniam
769 945 854 998 extra
872 956 976 999 nume-

119 1064 188 1104 rum
211 1046 375 1122 perlectum
397 1045 438 1105 ibi
454 1046 562 1108 nullus
586 1065 705 1106 manere
727 1051 849 1123 poterat.

188 1152 272 1214 Bosa.
318 1152 464 1213 Nonnihil
486 1153 620 1213 effecisti.

187 1262 318 1320 Arsuuu.
347 1260 402 1320 Est
415 1265 446 1320 et
459 1261 517 1319 alia
530 1261 612 1335 ratio,
627 1268 661 1320 ut
675 1261 749 1320 rnihi
758 1261 885 1335 videtur,
899 1279 975 1337 quae

120 1385 181 1427 uon
196 1386 300 1444 parum
320 1369 499 1444 suffragatru
512 1368 558 1427 illi
574 1369 746 1439 sententiae,
763 1387 838 1445 quae
853 1367 976 1455 angelos

119 1492 180 1533 nou
203 1492 269 1534 esse
292 1475 386 1535 factos
409 1475 441 1533 in
464 1476 595 1552 perlecto
618 1494 742 1535 numero
765 1475 923 1535 existimat.

186 1581 270 1642 Boso.
317 1582 372 1641 Dic
394 1582 484 1642 illam.

187 1691 318 1749 Ausmu
366 1689 397 1749 Si
425 1690 524 1766 angeli
552 1690 583 1747 in
610 1689 662 1748 illo
690 1690 821 1767 perfecto
850 1707 974 1747 numero

118 1795 191 1855 facti
216 1802 294 1871 sunt,
317 1803 347 1856 et
369 1796 542 1856 nullatenus
564 1797 634 1856 facti
659 1803 730 1856 sunt
747 1795 891 1870 homines,
914 1795 974 1854 uisi

118 1920 172 1978 pro
199 1904 413 1963 restauratione
442 1905 624 1980 perditorum
656 1904 842 1980 angelorum,
875 1903 975 1979 palam

118 2014 172 2084 est,
197 2011 266 2086 quia
289 2011 349 2072 nisi
371 2011 470 2087 augeli
493 2013 529 2071 ab
552 2011 604 2070 illa
627 2009 827 2077 beatitudine1
850 2009 973 2069 cecidis-

119 2121 200 2190 sent,
224 2117 359 2178 homines
382 2118 421 2176 ad
441 2119 526 2178 illam
548 2137 608 2178 non
631 2119 834 2179 ascenderent.
1053 2101 1054 2106 ἵ

186 2223 269 2284 Boso.
315 2225 380 2285 Hoc
403 2231 525 2286 constat.

185 2332 317 2391 Ausuuu.
364 2333 395 2392 Si
419 2333 486 2410 quis
510 2335 598 2393 ver02
620 2315 739 2408 dixerit,
763 2333 833 2410 quia
856 2336 973 2390 tautum

117 2437 306 2498 laetabuntur
333 2440 420 2500 electi
446 2441 582 2501 homines
610 2441 647 2499 de
675 2440 847 2516 angelorum
875 2438 972 2514 perdi-

117 2545 210 2618 tione,
243 2552 388 2623 quantum
420 2550 592 2624 gaudebunt
624 2547 661 2607 de
694 2565 749 2606 sua
780 2545 971 2619 assumtione,

117 2654 257 2729 quoniam
280 2656 393 2732 absque
415 2655 508 2715 dubio
536 2657 609 2716 haec
635 2673 696 2714 nou
718 2659 811 2727 esset,
837 2653 897 2711 uisi
919 2652 972 2710 illa

117 2759 238 2819 fuisset:
267 2762 414 2838 quomodo
442 2768 581 2840 poterunt
603 2764 640 2821 ab
666 2763 721 2821 hac
744 2777 882 2838 perversa
905 2777 970 2832 gra-

116 2865 260 2927 tulatione
279 2869 416 2928 defendi?
438 2876 491 2929 aut
509 2871 655 2947 quomodo
674 2869 817 2941 dicemus,
841 2866 971 2941 angelos,

117 2973 170 3049 qui
192 2974 375 3050 ceciderunt,
404 2994 443 3035 ex
467 2978 636 3037 hominibus
660 2980 852 3048 restauratos,
877 2973 903 3031 si
926 2972 971 3030 illi

116 3079 181 3139 sine
203 3081 259 3141 hoc
282 3082 353 3142 vitio
381 3085 567 3160 permansuri
590 3088 686 3158 erant,
716 3083 742 3142 si
765 3100 824 3140 non
848 3079 971 3139 cecidis-

116 3193 196 3262 sent3
235 3189 267 3247 id
301 3195 358 3265 est,
396 3191 461 3250 siue
493 3191 690 3267 gratulatione
726 3191 762 3249 de
797 3205 867 3275 casu
900 3186 970 3245 alic

189 3308 250 3362 lal.
270 3309 390 3364 ciuitate.
466 3311 476 3340 ²
494 3311 527 3365 al.
547 3328 618 3380 erqo.
