2280 3870
195 335 235 393 92
532 351 556 394 ε.
580 351 708 394 insnum
763 340 769 345 ”

192 511 264 570 feeit
279 511 360 582 Deus¹
383 511 420 569 de
444 511 506 570 viro
530 511 595 570 sine
617 512 741 585 femina,
765 513 842 570 faeta
865 517 910 571 est
933 512 970 570 de
989 511 1049 569 vir-

192 617 275 692 gine,
299 618 437 677 convenit
459 618 559 691 valde,
583 623 616 677 ut
639 619 685 677 vir
708 637 838 696 quoque,
862 619 914 696 qui
936 619 989 677 fiet
1011 619 1049 677 de

192 724 303 784 semina
326 725 390 784 sine
413 725 489 798 viro,
512 726 564 784 fiat
586 726 623 784 de
647 725 768 801 virgine.
808 725 867 785 Sed
890 725 927 785 de
950 725 1049 802 pictu-

192 832 247 906 ris,
275 849 350 909 quae
378 805 505 909 possunt
532 833 616 909 pingi
645 851 734 909 super
760 833 829 907 lroo,
863 832 933 911 quia
966 833 1048 892 Deus

192 939 279 998 homo
303 940 339 998 de
362 939 478 1015 virgine
501 939 624 999 muliere
650 940 732 999 nasei
755 940 855 1013 debet,
883 939 945 1004 ista.
967 958 1049 1000 nune

193 1047 350 1106 sufficiant.

212 1172 213 1176 ¹
259 1155 343 1213 Boso.
393 1153 490 1212 Valde
522 1154 662 1230 pulchrae
694 1159 724 1213 et
756 1153 945 1213 rationabiles
978 1159 1049 1214 sunt

192 1260 266 1320 istae
290 1262 431 1338 picturae.

539 1454 628 1517 SAP.
648 1454 706 1518 IX.

193 1577 269 1643 Quod
288 1592 397 1632 neeesse
421 1577 456 1630 sit
474 1578 593 1659 Verbum
613 1577 699 1631 solum
718 1581 745 1631 et
767 1578 903 1630 hominem
922 1578 949 1630 in
967 1593 1048 1631 unam

465 1665 607 1703 convenire
626 1665 775 1717 personam.

193 1837 195 1842 Α
260 1782 390 1838 Arasmi.
441 1778 529 1838 Nune
556 1797 673 1856 quoque
702 1779 903 1856 quaerendum
931 1784 988 1854 est,
1016 1779 1049 1837 in

193 1874 251 1962 qua
274 1903 400 1962 persona
424 1886 517 1961 Deua,
546 1886 597 1962 qui
621 1891 667 1945 est
689 1890 751 1944 tres
774 1903 930 1963 personae,
953 1886 1049 1945 homi-

19 1988 104 2075 ,fih'ws
192 2009 261 2051 nem
289 1998 428 2051 assumat·
481 1993 586 2053 Plures
619 1994 700 2051 enim
727 2011 869 2070 personae
896 1997 1049 2070 nequeunt

192 2118 286 2157 unum
305 2100 491 2176 eundemque
514 2100 663 2159 hominem
681 2118 833 2160 assumere
852 2101 884 2158 in
903 2100 1048 2159 unitatem
1116 2157 1119 2162 ,

192 2225 344 2282 personae.
384 2205 480 2280 Quare
500 2208 531 2264 in
550 2226 610 2266 una
628 2225 755 2284 persona
772 2211 888 2266 tantum
907 2208 963 2266 hoe
981 2206 1047 2266 fieri

192 2331 313 2372 neeesse
337 2319 390 2372 θεῖ.
435 2313 493 2374 Sed
516 2314 553 2373 de
571 2314 627 2373 heo
645 2315 760 2374 unitate
783 2332 925 2391 personae
941 2313 998 2372 Dei
1018 2318 1048 2372 et

192 2420 333 2495 hominis,
363 2425 393 2479 et
419 2421 451 2479 in
479 2439 685 2498 quapersona
708 2422 762 2480 Dei
786 2422 842 2480 hoe
864 2420 960 2501 magis
983 2420 1048 2479 fieri

192 2532 337 2603 oporteat,
369 2527 401 2585 in
433 2527 559 2604 epistola
589 2529 626 2588 de
657 2528 860 2588 incarnatione
888 2527 978 2587 Verbi
1008 2527 1047 2585 ad

191 2634 344 2693 dominum
372 2654 479 2712 papam
506 2635 658 2694 Urbanum
686 2635 809 2709 directa,
838 2640 983 2712 quantum
1010 2634 1048 2694 ad

192 2746 377 2818 praesentem
404 2742 661 2817 investigationem
690 2744 825 2801 sufficere
852 2747 938 2819 put0,
965 2741 1048 2800 loeu-

192 2848 261 2907 tusl
286 2867 360 2908 sum.

258 2955 343 3015 Boso.
383 2956 517 3015 Breviter
539 2962 638 3015 tamen
659 2957 727 3015 hie2
750 2961 852 3032 tange,
877 2975 930 3015 our
947 2955 1047 3032 potius

191 3081 317 3140 persona
344 3063 412 3121 Filii
440 3064 543 3122 debeat
569 3063 728 3138 incarnari,
757 3082 845 3140 quam
873 3063 967 3139 patris
995 3067 1049 3121 aut

193 3170 322 3245 Spiritus
346 3169 459 3228 saneti?
873 3162 875 3166 ⁴

258 3308 268 3336 ¹
287 3307 319 3361 al.
340 3325 409 3376 qaino
428 3308 543 3362 loeutus.
619 3308 681 3361 ²al.
701 3308 757 3362 hoe.
