2280 3870
404 344 463 388 oua
485 346 563 389 nnus
586 326 688 388 nono?
931 326 975 388 49

187 506 271 566 Boso.
306 505 503 584 Nequaquam
522 523 646 583 possum
665 506 792 583 opinari,
816 506 896 583 quod
910 525 975 566 eam

118 614 227 672 habeat
245 618 296 672 eut
315 614 423 673 habere
442 614 555 672 debeat.
592 611 743 685 Quomodo
764 631 893 690 namque
908 612 975 689 quis

117 719 227 798 poterit
255 720 343 795 seire,
375 726 477 779 utrum
504 738 558 796 pro
580 721 785 794 restaurando,
814 719 893 797 quod
921 719 975 778 im-

116 827 269 886 minutum
292 833 368 902 erat,
391 833 443 886 aut
465 845 519 904 pro
535 827 724 903 complendo,
748 827 827 904 quod
842 827 976 887 nondum

116 935 285 1010 perfeetum
317 942 393 1009 erat,
429 935 466 993 de
501 934 555 993 illo
592 952 715 994 numero
752 934 976 994 constituendae

117 1041 251 1100 civitatis
278 1043 318 1101 sit
345 1019 461 1102 faetus?
499 1041 551 1100 sed
579 1059 681 1100 omnes
710 1041 782 1101 oerti
810 1046 911 1116 erunt,
944 1060 975 1101 se

116 1148 213 1207 factos
237 1166 303 1208 esse
326 1150 363 1208 ad
386 1148 596 1225 perficiendam
619 1148 703 1207 illam
727 1148 884 1208 civitatem.

188 1256 318 1315 Ansann.
351 1256 431 1333 Ergo
455 1256 481 1314 si
503 1255 605 1332 plures
625 1260 725 1330 erunt,
748 1274 837 1332 quam
858 1255 975 1331 reprobi

116 1362 232 1438 angeli,
260 1364 364 1422 nullus
392 1362 500 1439 poterit
526 1367 578 1421 aut
600 1363 719 1422 debebit
743 1362 830 1436 scire,
860 1380 892 1421 se
915 1381 975 1421 non

117 1486 187 1530 esse
209 1469 250 1528 ibi
273 1477 440 1530 assumtum
464 1469 522 1529 nisi
545 1487 599 1546 pro
622 1469 718 1528 alieno
741 1487 820 1528 oasu.

187 1577 271 1636 Boso.
307 1577 419 1636 Verum
444 1569 501 1636 est'

187 1684 319 1744 Arserit.
352 1684 420 1742 Non
443 1684 536 1758 igitur
554 1684 673 1743 habebit
693 1683 812 1761 aliquia,
834 1702 886 1743 our
904 1703 975 1759 gau-

117 1791 190 1850 dere
213 1791 318 1851 debeat
341 1792 377 1849 de
400 1792 523 1851 alterius
546 1776 720 1866 perditione.

188 1897 272 1957 Boso
311 1898 356 1956 Ita
381 1897 522 1974 sequitur.
570 1880 572 1885 ¹

187 2006 319 2064 Ansrnrr.
354 2005 429 2063 Cum
451 2004 552 2080 itaque
570 2005 738 2078 videamus,
758 2006 840 2083 quia,
864 2005 891 2065 ai
908 2006 975 2082 plu·

118 2117 273 2173 reserant
291 2112 425 2171 homines
445 2094 530 2171 electi
551 2130 640 2189 quam
661 2112 721 2170 sint
736 2112 853 2188 reprobi
868 2113 975 2188 angeli,

116 2220 172 2279 illa
200 2238 260 2278 non
289 2219 451 2296 sequatur¹
477 2219 729 2293 inconvenientia,
758 2220 867 2295 quam2
891 2219 976 2296 sequi

116 2345 243 2387 necesse
263 2332 321 2400 est,
346 2327 373 2386 si
396 2327 497 2402 plures
520 2345 580 2386 non
602 2330 702 2402 erunt,
726 2331 756 2385 et
778 2343 847 2385 oum
864 2326 975 2403 impos-

118 2434 207 2494 sibile
235 2433 286 2508 ait,
314 2434 410 2492 ullum
437 2435 470 2491 in
498 2434 550 2492 illa
573 2433 693 2492 civitate
715 2433 849 2492 futurum
872 2433 975 2492 inoon-

117 2541 252 2616 veniens,
276 2542 395 2599 videtur
418 2559 540 2600 neeesse
563 2559 637 2614 esse,
660 2545 696 2598 ut
718 2539 816 2615 angeli
835 2558 894 2599 non
915 2539 974 2598 sint

117 2648 192 2709 facti
219 2648 251 2706 in
282 2648 334 2706 illo
362 2647 493 2724 perfeeto
526 2666 661 2721 numero,
694 2651 724 2706 et
751 2647 852 2722 plures
880 2647 974 2705 futuri

116 2756 181 2816 sint
203 2756 281 2817 beati
304 2755 451 2828 homines,
476 2773 565 2830 quam
589 2754 649 2813 sint
672 2754 773 2813 miseri
795 2753 902 2829 angeli.

187 2862 271 2922 Boso.
317 2861 385 2920 Non
420 2861 518 2936 video,
552 2880 610 2938 qua
641 2862 754 2920 ratione
786 2861 842 2920 hoo
873 2859 975 2936 negari

116 2976 216 3049 queat.

134 3138 138 3148 ,
186 3078 318 3135 Ansnnn.
368 3077 468 3134 Aliam
504 3076 602 3134 adhuc
638 3076 773 3150 ejusdem
811 3073 975 3134 sententiae

115 3201 208 3262 posse
231 3184 291 3242 diol
314 3189 385 3260 puto
409 3183 560 3242 rationem.

72 3314 75 3319 '
157 3303 248 3366 ‚¹al.
268 3308 428 3371 sequantur.
504 3302 560 3356 ⁹al.
580 3319 657 3370 qztae.

815 3396 836 3453 4
