2280 3870
173 326 235 386 141
507 340 531 387 s.
555 305 685 386 risun
726 349 728 355 ·

171 502 276 578 probes
299 501 397 559 Deum
426 485 492 559 fieri
522 501 672 560 hominem
703 519 741 561 ex
768 503 955 578 necessitate,
987 508 1023 561 ut

172 608 262 667 etiam
298 606 324 666 si
359 610 564 666 removeantur
593 625 699 684 pauca,
737 625 812 684 quae
843 609 880 667 de
911 608 1021 668 nostris

172 713 257 773 libris
288 712 415 790 posuisti
448 709 492 791 (ut
518 713 597 789 quod
623 713 660 772 de
687 714 781 772 tribus
809 715 943 790 personis
967 713 1023 773 Dei

172 822 202 878 et
224 819 261 877 de
274 818 369 877 Adam
390 818 525 897 tetigisti)
548 834 608 878 non
627 819 854 879 solumJudaeis
868 821 1023 880 sedetiam
1087 858 1089 862 ι

172 924 300 1000 Paganis
337 924 399 984 sola
430 925 541 984 ratione
573 926 750 1002 satisfacias3
786 929 817 984 et
846 926 912 1003 ipse
943 927 1023 986 idem

174 1031 255 1090 Deus
277 1031 364 1090 homo
387 1049 496 1091 novum
518 1031 624 1091 condat
645 1035 865 1107 testamentum,
889 1036 1023 1092 etvetus

62 1151 64 1158 ¹
174 1139 326 1213 approbet:
360 1137 437 1196 sicut
464 1137 565 1213 ipsum
591 1156 724 1196 veracem
747 1155 812 1197 esse
834 1155 955 1198 necesse
977 1143 1025 1196 est

174 1244 318 1317 confiteri,
341 1243 383 1302 ita
396 1243 484 1317 nihil,
508 1244 585 1320 quod
598 1244 631 1301 in
644 1243 706 1302 illis
721 1243 897 1320 continetur,
920 1262 1023 1304 verum

174 1366 240 1410 esse
262 1354 359 1425 potest
381 1349 489 1426 aliquis
512 1350 640 1408 diffiteri.

241 1456 371 1513 Ansnun.
418 1455 450 1514 Si
472 1455 543 1532 quid
561 1456 704 1530 diximuS,
727 1457 805 1532 quod
819 1455 1024 1531 corrigendum

176 1561 227 1636 sit,
255 1579 314 1621 non
340 1579 431 1620 renuo
454 1561 673 1636 correctionem,
702 1562 728 1621 si
750 1562 959 1621 rationabiliter
981 1561 1025 1621 fit.

176 1667 209 1728 Si
231 1672 329 1725 autem
351 1668 517 1726 testimonio
539 1667 671 1726 veritatis
693 1669 855 1742 roboratur,
879 1667 955 1744 quod
969 1684 1025 1725 nos

70 1847 73 1853 ,
176 1773 387 1832 rationabiliter
417 1773 567 1832 invenisse
599 1774 816 1853 existimamus,
853 1773 928 1847 Deo,
964 1791 1025 1832 non

176 1880 260 1938 nobis
288 1880 443 1938 attribuere
470 1880 622 1955 debemus,
655 1880 707 1957 qui
733 1879 970 1939 estbenedictus
992 1877 1022 1937 iu

177 1985 301 2045 saecrrla
346 1987 450 2045 Amen.

421 3285 510 3338 Halis,
525 3285 592 3339 rypis
606 3284 793 3340 orphanotrophei.
