2280 3870
403 345 461 388 cua
482 345 560 388 uuus
582 331 681 388 uouo?
906 330 967 388 117

186 506 268 564 Boso.
303 505 366 563 Imo
388 505 457 563 illos
475 506 603 563 maxime
625 506 662 563 ad
684 506 740 564 hoo
762 505 868 564 fecisse
891 506 968 564 credi

119 612 216 684 debet,
240 617 273 670 ut
296 616 395 669 essent
417 611 453 669 de
475 611 549 684 illis,
573 616 692 687 propter
710 629 783 687 quos
802 611 872 669 faeti
891 615 969 671 suut

186 718 316 775 oasam.
349 717 429 775 Bene
448 717 621 775 oonsideras.
653 716 744 774 Nulla
762 721 860 775 tamen
873 717 971 776 anima

120 827 187 882 ante
209 827 332 882 mortem
356 823 465 883 Christi
488 823 656 898 paradisum
679 823 834 881 coelestem
856 823 969 898 ingredi

120 929 227 1007 potuit,
251 929 328 988 siout
351 947 441 1004 supra
462 929 525 986 dixi
548 929 584 987 de
606 929 685 1004 regis
708 929 823 1005 palatio,

187 1035 269 1094 Boso.
316 1034 366 1094 sio
387 1040 529 1093 tenemus.

106 1193 110 1197 .
187 1144 317 1200 Ausaau.
349 1140 441 1216 Virgo
463 1145 566 1224 autem
584 1141 648 1214 uua,
672 1141 708 1199 de
731 1159 789 1217 qua
806 1141 862 1199 ille
885 1142 971 1201 homo
1014 1196 1077 1229 ’,1,
1130 1194 1135 1211 ,

120 1253 269 1306 assumtus
293 1252 349 1321 est,
373 1247 409 1305 de
428 1265 486 1323 quo
504 1247 664 1323 loquimur,
688 1247 745 1304 fuit
767 1246 803 1305 de
821 1247 896 1320 iuis,
920 1248 971 1323 qui
979 1227 1024 1317 J
1034 1218 1131 1249 66

120 1359 188 1412 ante
209 1352 411 1411 nativitatem1
439 1354 503 1428 ejus
531 1371 583 1428 per
610 1371 678 1411 eum
704 1353 836 1410 mundati
863 1358 932 1410 sunt
955 1355 1022 1423 a'ss

120 1460 260 1536 peccatis,
284 1464 313 1518 et
335 1458 368 1517 111
390 1460 454 1534 ejus
476 1459 542 1534 ipsa
564 1459 708 1516 munditia
730 1459 766 1516 de
788 1459 841 1515 iila
859 1477 970 1516 assum·
1007 1438 1016 1460 6
1049 1443 1070 1511 ⁴]
1087 1471 1129 1500 ι’

121 1570 169 1624 tus
192 1570 244 1625 est.

187 1672 270 1731 Bosa.
321 1672 472 1731 Placeret2
503 1672 577 1729 mihi
608 1672 747 1745 multum,
780 1672 858 1747 quod
889 1671 971 1746 diois,

121 1778 192 1851 nisi,
214 1797 283 1849 oum
301 1779 365 1853 ipse
383 1778 486 1836 debeat
504 1796 522 1835 a
540 1795 572 1836 se
590 1778 654 1853 ipso
674 1779 778 1835 habere
798 1778 973 1835 munditiam

120 1903 139 1942 a
160 1889 291 1960 peccato,
310 1886 460 1946 videretur
474 1883 662 1970 eamsshabere
685 1902 703 1941 a
725 1887 828 1956 matre,
857 1887 886 1941 et
913 1901 972 1943 nou
1038 1913 1083 1952 ,ς

121 2008 174 2066 per
197 2008 229 2049 se
251 1991 380 2048 mundus
403 1972 557 2064 essessed
579 2008 632 2066 per
654 1989 744 2047 illam.

187 2098 317 2155 Ausum.
363 2095 429 2155 Nou
457 2097 498 2153 ita
524 2100 577 2154 est.
624 2095 680 2154 Sed
708 2096 846 2171 quoniam
870 2096 971 2155 mattis
1063 2143 1066 2150 ,

121 2203 277 2276 munditia,
305 2220 358 2278 per
386 2220 474 2278 quam
500 2202 629 2260 muudus
657 2206 713 2274 est,
742 2220 801 2259 nou
828 2202 885 2259 fuit
912 2202 972 2260 nisi

121 2310 157 2367 ab
180 2309 243 2381 illo,
267 2309 333 2384 ipse
356 2325 472 2384 quoque
494 2326 546 2384 per
570 2308 723 2383 seipsum
746 2312 775 2366 et
797 2325 815 2364 a
833 2324 865 2365 se
887 2324 972 2364 muu-

120 2415 177 2473 dus
199 2415 264 2475 fuit.

437 2592 520 2652 oAP.
546 2590 664 2650 XVH.³

123 2729 259 2795 Quomodo
282 2745 335 2782 non
353 2729 510 2782 necessitate
533 2731 655 2781 mortuus
675 2730 727 2790 est,
752 2728 798 2795 qui
816 2744 869 2781 non
888 2728 973 2796 potuit
991 2718 999 2733 ‘⁴
1035 2727 1039 2731 ’

317 2816 376 2852 esse
394 2799 447 2852 nisi
465 2800 526 2867 quia
544 2802 601 2851 erat
619 2798 770 2852 moriturus.

189 2948 272 3006 Boso,
318 2947 398 3005 Bene
421 2951 466 3004 est
489 2946 525 3004 de
547 2947 610 3005 hoo.
651 2945 764 3003 Verum
786 2945 882 3002 adhuo
899 2943 972 3004 mihi
995 2908 998 2913 6

121 3054 203 3112 aliud
226 3053 342 3111 videtur
365 3053 571 3128 quaerendum.
610 3052 748 3110 Diximus
772 3051 851 3109 euim
875 3067 973 3124 supra,

188 3208 198 3236 ¹
215 3207 248 3258 al.
267 3205 463 3257 necessitatem.
517 3204 600 3275 '²al.
620 3205 720 3256 Placet.

187 3277 247 3330 ⁸al.
263 3294 333 3344 pars
353 3276 414 3343 Cup.
429 3275 502 3328 XVI.
