2280 3870
318 327 324 343 ⁸
404 346 687 409 ouaorusuouo?
931 348 970 408 31
993 406 1063 437 .-<
1126 418 1130 426 ¹

184 526 315 583 Arduum.
363 524 394 583 Si
412 525 537 600 angelus
552 529 584 584 et
599 526 685 584 homo
702 545 820 602 semper
837 527 973 587 redderet
985 499 1049 560 ¹³⁵⁰*-

115 631 192 703 Deo,
216 632 296 708 quod
319 631 418 704 debet,
442 650 593 708 nunquam
615 640 758 708 peeoaret.
867 699 869 703 ,

185 739 269 797 Boso.
315 737 437 815 Nequeo
461 739 669 798 contradicere.

121 916 124 921 .
184 847 316 904 Amorum.
362 845 430 903 Non
445 851 491 903 est
514 845 613 922 itaque
628 847 710 905 aliud
725 866 859 923 peecare,
884 867 973 925 quam

116 951 180 1011 Deo
203 970 262 1011 nen
284 952 408 1010 reddere
431 951 571 1011 debitum.

185 1059 269 1118 Boso.
308 1057 392 1132 Quod
408 1065 454 1118 est
470 1060 617 1133 debitum,
640 1059 720 1136 quod
735 1061 797 1119 Deo
813 1061 973 1120 debemus?

185 1168 316 1226 Arsam.
363 1165 467 1225 Omnis
490 1168 626 1225 voluntas
649 1167 800 1226 rationalis
824 1146 1120 1251 θ1·θθί;11111θῑ”““’((,’(’ῑ”3ἷ”[τ

117 1273 250 1349 subjecta
273 1274 361 1333 debet
384 1292 449 1332 esse
472 1273 618 1332 rolrmtati
641 1274 705 1332 Dei.
1048 1270 1053 1281 ‘
1130 1256 1132 1262 Ι

185 1380 268 1439 Boso.
314 1380 398 1439 Nihil
421 1381 529 1439 verius.

184 1489 316 1546 Ararim.
362 1487 427 1545 Hoe
455 1492 501 1546 est
528 1487 673 1562 debitum,
702 1489 781 1565 quod
809 1489 896 1547 debet
923 1508 973 1547 an-

115 1595 203 1669 gelus
227 1600 257 1653 et
280 1595 366 1652 homo
382 1594 457 1668 Deo,
482 1595 561 1671 quod
584 1596 725 1654 solvendo
740 1596 841 1653 nullus
857 1602 972 1672 peceat,

116 1701 854 1818 eLQmQSQth
867 1703 974 1765 aHaee

116 1813 164 1867 est
184 1808 300 1883 justitia
323 1810 386 1868 sive
409 1810 554 1868 rectitudo
579 1804 751 1882 voluntatis,
780 1828 855 1886 quae
875 1816 973 1884 justos

116 1915 188 1974 faoit
212 1916 275 1974 sive
298 1921 393 1975 rectos
417 1917 517 1990 eorde,
541 1917 652 1989 idest,
676 1917 840 1992 volrmtate3
865 1917 913 1975 hio
929 1924 975 1976 est

117 2022 199 2080 solus
232 2030 262 2082 et
293 2028 373 2082 totus
405 2025 510 2096 honor,
544 2043 633 2100 quem
665 2024 808 2082 debemus
836 2024 911 2096 Deo,
944 2030 974 2082 et

117 2146 206 2204 quem
234 2148 252 2187 a
278 2130 363 2188 nobis
395 2131 489 2207 exigit
517 2131 605 2190 DeuS.
658 2130 725 2189 Sola
750 2149 877 2207 namque
905 2131 974 2189 talis

116 2235 255 2294 voluntas
287 2255 375 2313 opera
411 2238 482 2296 facit
518 2238 626 2313 placita
658 2238 732 2311 Deo,
770 2256 837 2294 eum
875 2242 974 2313 potest

116 2343 245 2418 operari,
279 2349 309 2402 et
340 2363 408 2402 oum
439 2362 499 2402 non
526 2350 637 2420 potest,
673 2344 738 2419 ipsa
771 2346 833 2402 sola
864 2364 918 2420 per
942 2363 975 2403 se

117 2450 227 2524 placet,
251 2450 321 2526 quia
342 2451 460 2509 nullum
483 2469 558 2527 opus
583 2452 646 2509 sine
669 2451 720 2509 illa
743 2452 847 2527 placet.
885 2451 980 2510 Huno-

117 2555 258 2615 honorem
291 2557 436 2631 debitum,
469 2559 520 2635 qui
553 2559 615 2616 Deo
646 2577 707 2624 non
734 2557 844 2630 reddit,
877 2559 974 2616 aufert
1069 2638 1072 2643 ⁴

117 2663 192 2736 Deo,
216 2665 296 2741 quod
319 2682 408 2723 suum
431 2671 489 2738 est,
513 2670 543 2724 et
559 2666 654 2723 Deum
676 2640 849 2740 exlionorat3
874 2669 904 2722 et
919 2665 974 2723 hoo

116 2775 164 2830 est
195 2789 325 2846 peceare.
373 2770 519 2845 Quamdiu
550 2778 651 2831 autem
682 2790 742 2829 non
774 2772 863 2830 solvit
895 2773 974 2847 quod

116 2878 228 2952 rapuit,
256 2883 358 2937 manet
385 2879 540 2956 inculpa,
568 2897 623 2938 neo
652 2879 762 2937 suffieit
790 2879 974 2936 solummodo

115 2983 252 3058 reddere,
282 2985 362 3062 quod
389 2987 521 3044 ablatum
548 2992 606 3059 est,
635 2987 688 3045 sed
715 3005 768 3062 pro
796 2986 974 3044 contumelia

116 3090 199 3149 illata
222 3092 290 3167 plus
315 3093 421 3151 debetl
444 3094 581 3167 reddere,
605 3112 695 3170 quam
712 3093 843 3151 abstulit.
891 3092 974 3151 Siout

116 3198 209 3271 enim,
242 3200 294 3276 qui
326 3200 417 3259 laedit
446 3201 572 3259 salutem
594 3201 729 3274 alteriue,
762 3218 822 3258 non
854 3199 973 3270 suffieit,

462 3302 523 3356 ¹al.
543 3301 629 3356 laudet.
