2280 3870
121 332 162 393 50
462 351 485 394 s.
505 350 636 394 assuunt

186 513 269 571 Boso
311 512 397 572 Hanc
420 530 537 590 quoque
560 513 690 589 proferre
714 487 825 571 debes-

186 621 317 680 Ansrnu.
365 621 520 680 Credimus
537 620 625 679 ⁴hanc
653 619 756 678 mundi
779 619 886 678 molem
910 638 977 679 cor-

119 745 238 803 poream
261 728 294 785 in
317 728 422 788 melius
446 729 657 805 renovandam;
684 746 740 786 nec
762 728 819 786 hoo
840 728 975 786 futurum

119 852 198 908 esse,
228 835 320 894 donec
346 836 505 913 impleatur
531 853 673 895 numerus
697 834 859 894 electorum
881 833 976 892 homi-

119 960 192 999 num
225 947 254 1001 et
280 942 334 1000 illa
361 944 446 1002 beata
477 943 647 1020 perficiatur
674 942 792 1014 civitae,
825 959 881 1000 nec
908 946 976 1017 post

120 1049 185 1124 ejus
208 1049 419 1126 perfectionem
439 1050 643 1110 differendum.
680 1049 764 1108 Unde
788 1048 888 1124 colligi
910 1053 976 1124 pot

119 1161 178 1230 est,
207 1157 308 1216 Deum
340 1159 376 1217 ab
402 1158 487 1218 initio
519 1158 722 1235 proposuisse,
755 1161 789 1215 ut
815 1162 976 1232 utrumque

119 1247 210 1322 simul
232 1265 399 1342 perficeret,
424 1270 571 1342 quatenus
594 1271 624 1325 et
647 1265 755 1338 minor,
779 1281 855 1341 quae
878 1263 975 1321 Deum

120 1389 178 1430 non
212 1372 347 1446 sentiret,
380 1377 485 1431 natura
516 1379 584 1432 ante
616 1373 770 1448 maJ'orem,
804 1388 879 1447 quae
911 1369 975 1429 Deo

120 1478 180 1535 frui
204 1479 336 1552 deberet,
364 1498 550 1556 nequaquam
573 1482 777 1557 perficeretur3
806 1471 846 1537 etv
859 1477 891 1534 in
915 1495 976 1535 ma·

117 1584 190 1659 joris
218 1586 398 1661 perfectione
426 1593 539 1646 mutata
571 1565 607 1674 in⁸
631 1587 738 1647 melius
767 1604 820 1645 suo
848 1584 976 1661 quodam

116 1692 204 1750 modo
233 1693 319 1769 quasi
351 1694 619 1771 congratularetur3
653 1695 743 1753 immo
771 1692 868 1752 omnis
895 1710 975 1750 crea-

119 1804 186 1857 tura
210 1799 247 1858 de
270 1804 329 1858 tam
353 1800 480 1876 gloriosa
507 1806 620 1861 ettam
644 1800 808 1859 admirabili
836 1798 883 1858 sui
906 1816 975 1857 con·

120 1887 316 1966 summatione
338 1907 397 1984 ipsi
420 1909 543 1967 creatori
566 1913 596 1967 et
619 1909 676 1967 sibi
693 1908 821 1966 invicem
840 1922 975 1983 quaeque

32 2080 34 2083 ¹
121 2029 173 2071 suo
193 2015 278 2073 modo
297 2019 416 2074 aeterne
435 2015 646 2091 congaudendo
664 2015 883 2090 jocundaretur,
902 2031 975 2089 qua-

119 2123 206 2179 tenus
240 2122 318 2198 quod
345 2122 483 2181 voluntas
511 2123 543 2180 in
571 2123 706 2182 rationali
733 2128 840 2182 natura
868 2125 975 2196 sponte

45 2268 48 2273 .
119 2227 203 2302 facit,
236 2229 292 2288 hoc
325 2234 355 2288 et
379 2230 441 2304 jam
468 2230 651 2289 insensibilis
680 2235 815 2289 creatura
842 2245 896 2304 per
918 2227 974 2286 Dei
999 2254 1001 2257 v

115 2334 345 2410 'dispositionem
358 2336 534 2395 naturaliter
549 2338 709 2397 exhiberet.
743 2337 877 2395 Solemus
891 2351 974 2392 nam-

120 2461 178 2520 que
193 2444 225 2501 in
241 2444 386 2519 majorum
401 2448 569 2503 nostrorum
585 2444 764 2503 exaltatione
780 2438 974 2518 congaudere,

119 2555 153 2609 ut
176 2569 245 2610 oum
267 2551 300 2608 in
322 2550 464 2610 natalitiis
481 2556 649 2610 sanctorum
666 2551 848 2610 exultatione
868 2549 975 2609 festiva

116 2658 313 2734 jocundamur
342 2659 379 2717 de
406 2658 499 2734 gloria
532 2677 632 2717 eorum
660 2657 832 2717 lactantes1
879 2655 975 2730 Quam

120 2765 298 2824 sententiam
320 2765 396 2823 illud
419 2766 558 2842 adjuvare
582 2766 708 2839 videtur,
733 2767 811 2842 quia,
836 2764 862 2822 si
878 2764 974 2822 Adam

119 2890 179 2931 non
195 2879 354 2948 peccasset,
370 2873 501 2932 differret
512 2879 612 2932 tamen
627 2873 708 2932 Deus
724 2872 808 2931 illam
824 2872 974 2930 civitatem

119 2979 273 3055 perficere,
306 2980 399 3038 donec
426 2981 573 3056 completo
601 2999 639 3039 ex
666 2980 849 3053 hominibus,
883 2998 974 3056 quem

119 3087 302 3162 expectabat,
324 3104 455 3161 numero,
479 3087 537 3163 ipsi
561 3104 677 3164 quoque
701 3087 837 3146 homines
860 3087 892 3144 in
911 3105 974 3146 cor-

119 3211 232 3269 porum,
256 3200 291 3252 ut
312 3192 353 3252 ita
369 3193 472 3268 dicam,
496 3194 691 3252 immortalem
707 3198 975 3253 transmutarentur

429 3313 484 3366 lal.
504 3315 665 3368 cantantes.
