2280 3870
403 352 460 393 ons
483 351 559 393 onos
582 330 682 393 nono?
847 320 848 323 ¹
928 332 1034 445 QVIR·
1067 315 1070 320 ¹

116 519 146 572 et
173 513 211 571 ad
238 512 295 571 hoo
322 512 422 588 ipsum
449 529 524 588 opus
548 510 672 569 dilatum
695 528 775 584 esse,
803 509 880 575 nihil
903 528 972 569 oon-

116 619 297 693 venientius,
321 637 410 697 quam
433 625 467 677 ut
480 605 526 677 ¹de
547 617 658 677 femina
677 618 741 676 sine
759 616 821 677 viro
840 623 972 676 assumat

116 727 201 785 iilum
224 725 386 800 hominem,
411 744 500 802 quem
518 726 696 802 quaerimus.
717 724 849 814 ,Utrum
872 728 971 782 autem

117 835 153 892 de
180 833 294 908 virgine
321 838 374 891 aut
402 833 438 891 de
466 851 525 891 non
548 832 664 907 virgine
690 831 810 906 dignius
832 832 888 890 hoc
910 832 971 905 fiat,

116 959 176 999 non
191 946 238 999 est
251 959 325 1016 opus
340 940 505 1015 disputare,
525 939 577 998 sed
593 939 658 998 sine
674 938 755 997 omni
770 937 972 996 dubitatione1

116 1047 309 1106 asserendum
337 1053 383 1106 ost
411 1047 480 1123 qnia
508 1046 544 1105 de
568 1045 682 1121 virgine
704 1045 800 1104 Deum
822 1044 972 1104 hominem

117 1155 199 1213 nasci
223 1159 343 1230 oportet.

184 1262 268 1322 Boso.
302 1261 473 1321 Secundum
488 1260 631 1336 placitum
648 1260 745 1319 cordis
759 1259 817 1319 mei
832 1259 972 1335 loqueris.

184 1371 315 1427 Ansnnm.
361 1369 454 1427 Estne
483 1368 610 1426 solidum
634 1369 702 1438 hoo,
731 1368 808 1444 quod
832 1366 980 1440 diximus„

117 1480 168 1534 aut
189 1481 309 1534 'vanum
346 1476 456 1552 aliquid
496 1474 574 1534 siout
608 1477 715 1548 nobee,
754 1474 833 1551 quod
870 1472 973 1531 dixisti

117 1583 201 1642 nobis
224 1583 362 1642 infideles
386 1583 529 1658 objicere?

186 1690 270 1748 Boso.
317 1689 400 1747 Nihil
425 1688 556 1747 solidius

186 1798 315 1855 Ansnmr.
357 1795 558 1871 Pingeigitur
572 1813 632 1853 non
647 1812 737 1870 super
754 1794 872 1853 fiotam²
890 1795 973 1852 vani-

118 1907 222 1976 tatem,
248 1904 301 1961 sed
324 1921 414 1978 snper
437 1902 560 1962 solidam
583 1902 751 1976 veritatem,
780 1905 810 1960 et
833 1901 880 1960 dio
903 1901 973 1978 quia

118 2010 204 2067 valde
227 2009 375 2084 convenit,
400 2015 434 2068 ut
456 2009 704 2086 &montorium
723 2008 855 2074 hominis,
870 2025 974 2083 peona·
992 1988 1126 2096 fi‘ssi‘.3'f{',f‘

119 2122 184 2174 tum
200 2122 229 2174 et
245 2096 337 2175 eausa
356 2122 473 2176 nostme
491 2115 689 2175 damnationis
707 2113 847 2173 1111Λ1111113
867 2113 974 2173 sumsit
1002 2108 1069 2162 n.
1035 2158 1069 2216 i
1061 2098 1098 2179 ξὲ

119 2222 281 2314 atemina,
309 2223 351 2281 ita
378 2223 524 2283 medicina
550 2223 664 2300 peccati
641 2227 722 2282 tet
744 2239 832 2282 eausa
855 2226 973 2280 nostrae
998 2186 1052 2225 m
1079 2206 1081 2210 Α
1118 2210 1121 2215 ’

120 2330 223 2388 salvat‘
203 2329 292 2389 tronis
320 2334 458 2389 nascatur
484 2331 521 2388 de
548 2330 669 2406 femina3
703 2348 737 2389 ao
768 2347 806 2388 ne
834 2327 974 2386 mulieres

116 2416 279 2512 ‘desperent
266 2441 334 2496 tse
357 2437 505 2514 pertinere
527 2437 565 2495 ad
586 2413 695 2496 sortem
715 2437 781 2495 beat
769 2441 878 2508 torm,
903 2453 1010 2538 quo-

119 2544 200 2602 niam
219 2544 256 2603 de
274 2544 386 2602 semina
405 2549 469 2604 tant
469 2562 520 2602 um
539 2544 651 2602 malum
669 2542 827 2619 prooessit3
852 2547 996 2618 oportet.

120 2657 154 2710 ut
177 2652 214 2710 ad
237 2652 453 2710 reformandam
477 2668 561 2726 spem
584 2668 684 2708 earum
708 2650 744 2709 de
768 2649 892 2708 muliero
911 2654 974 2707 tan-

120 2763 180 2817 tem
209 2761 320 2817 bonum
348 2758 496 2835 procedat.
542 2758 637 2832 Pinge
653 2762 695 2816 ¹et
721 2757 784 2816 hoo.
832 2755 864 2833 Si
891 2755 975 2830 virgo

121 2872 195 2939 erat,
220 2885 295 2942 quae
318 2884 406 2924 oense
429 2865 488 2923 tuit
510 2866 638 2923 humano
661 2864 764 2939 generi
784 2864 876 2922 totins
894 2862 974 2937 mali,

121 2972 214 3031 multo
238 2973 333 3047 magis
356 2972 453 3046 decet,
478 2977 511 3030 ut
533 2972 617 3047 virgo
641 2971 691 3046 sit,
716 2989 792 3048 quae
815 2987 902 3028 causa
921 2969 976 3028 erit

120 3081 211 3139 totius
228 3080 304 3138 boni.
343 3079 408 3138 Hoo
427 3096 545 3157 quoque
560 3078 658 3156 pinge.
697 3078 729 3138 Si
748 3077 867 3151 mulier,
887 3095 976 3154 quam

189 3236 197 3264 ¹
217 3235 250 3287 al.
270 3234 468 3302 disputatione.
544 3234 553 3263 ²
573 3233 606 3287 al.
627 3234 739 3286 simam.

189 3306 248 3358 ³al.
265 3305 456 3374 prinoipium.
