2294 3870
192 323 234 380 94
529 338 553 381 s.
576 338 704 381 Assfflsn

191 499 326 576 personis
346 498 413 572 Doi,
438 504 467 558 ot
485 499 540 557 hoo
558 498 783 558 oonvenientius
805 496 869 555 fieri
892 501 993 573 pateat
1015 496 1049 554 in

192 623 316 682 persona
339 605 443 679 Verbi,
472 624 560 682 quam
584 606 615 663 in
638 605 717 681 aliis3
736 621 866 664 ,nooesso
890 608 948 678 est,
972 603 1049 679 Yor-

191 714 261 770 bum
285 713 383 771 Deum
405 717 435 771 et
457 714 607 773 hominem
634 712 666 771 in
688 729 778 771 unam
801 710 958 795 oonveoiro
981 728 1049 791 per-

190 796 303 878 sonam.

184 908 189 913 ¹
282 926 367 985 Boso.
414 925 463 986 sie
485 932 532 986 ost
555 928 615 1002 via,
640 946 699 1004 qua
722 945 769 985 me
792 925 890 999 duois,
914 923 1049 1001 undique

20 1006 28 1021 ἣ
127 1096 144 1109 ..
192 1032 307 1091 munita
329 1034 455 1108 rationo,
478 1039 511 1092 ut
533 1052 630 1111 neque
653 1035 690 1092 ad
713 1034 867 1092 dextoram
889 1031 1049 1108 nequead

124 1128 155 1161 '³
193 1139 345 1198 sinistram
368 1139 484 1198 videam
508 1159 555 1199 me
578 1142 614 1199 ab
638 1141 690 1199 illa
713 1158 800 1218 posse
822 1138 980 1198 declinare.

261 1248 391 1305 Assios.
437 1246 503 1305 Non
526 1266 580 1322 ogo
603 1253 632 1307 te
656 1249 744 1322 duco,
768 1247 820 1307 sod
842 1245 907 1320 ille,
930 1245 967 1304 do
991 1262 1049 1321 quo

192 1354 353 1430 loquimur,
387 1354 451 1413 sine
483 1373 541 1431 quo
557 1329 644 1414 'nihil
672 1373 844 1432 possumus,
876 1371 930 1412 nos
957 1351 1049 1427 duoit,

193 1460 361 1537 ubicunque
385 1462 463 1520 viam
486 1463 620 1522 veritatis
643 1469 785 1522 tenemus

543 1656 634 1719 OAP.
653 1655 694 1717 X.

195 1775 271 1841 Quod
290 1776 361 1829 idom
379 1777 459 1830 homo
477 1794 530 1830 non
549 1796 584 1832 ex
601 1779 688 1831 debito
708 1778 848 1840 mo1t'otur3
871 1779 899 1830 ot
917 1776 1049 1845 quomodo

266 1849 349 1914 possit
368 1848 410 1901 vol
425 1865 477 1902 non
490 1851 573 1917 possit
590 1866 711 1918 pooearo;
731 1853 758 1903 ot
776 1865 824 1902 our
842 1847 887 1901 ille
906 1847 950 1900 vol
969 1863 1049 1916 ango·

266 1919 308 1971 lus
327 1920 427 2042 ostsua
441 1921 545 1988 justitia
557 1920 706 1974 laudandus
719 1922 765 1984 sit,
786 1937 847 1974 oum
866 1935 977 1989 poooaro
996 1934 1050 1972 non

267 2007 355 2057 possm
371 2032 376 2042 .

263 2105 393 2161 ANSELM.
439 2104 546 2162 Utrum
573 2111 672 2164 autom
704 2105 790 2164 homo
817 2105 869 2163 ifle
897 2103 936 2162 sit
962 2101 1050 2161 mori-

190 2213 281 2269 turus
314 2228 351 2267 ox
384 2210 493 2284 debito,
528 2212 604 2271 siout
637 2230 739 2271 omnes
767 2213 817 2270 alii
846 2211 982 2269 hominos
1010 2227 1051 2268 ox

99 2340 102 2345 ·
196 2315 293 2374 debito
317 2317 493 2392 moriuntur,
517 2318 594 2377 nonl
617 2319 795 2394 investigare
818 2319 972 2394 debemus3
998 2317 1051 2376 sod

197 2422 222 2481 si
244 2422 340 2481 Adam
367 2424 529 2484 moriturus
557 2445 617 2485 non
645 2432 718 2501 erat,
748 2427 773 2485 si
801 2444 860 2485 non
888 2428 1050 2501 peccasset,

196 2529 289 2588 multo
321 2531 415 2606 magis
442 2531 500 2591 iste
528 2538 652 2592 mortem
679 2534 740 2609 pati
768 2551 828 2592 non
855 2531 986 2606 debebit,
1018 2531 1074 2590 in·

197 2653 254 2713 quo
277 2644 432 2714 peooatum
455 2657 521 2698 osse
545 2659 604 2699 non
627 2641 746 2717 poterit,
771 2640 839 2716 quia
862 2640 944 2699 Deus
967 2639 1030 2698 erit.

264 2745 348 2804 Boso.
395 2746 431 2803 In
459 2747 515 2805 hoo
542 2747 608 2806 volo
635 2753 665 2806 ts
688 2746 906 2823 aliquantulum
928 2747 1050 2822 morari3

197 2850 259 2910 sivo
283 2852 361 2910 onim
383 2853 496 2912 dioatur
516 2873 615 2929 posse,
640 2854 703 2912 sive
726 2873 785 2913 non
809 2872 896 2931 posse
919 2872 1050 2930 peooare,

196 2958 226 3015 in
261 2965 385 3035 utroquo
416 2960 489 3018 mihi
522 2979 582 3020 non
613 2980 705 3037 parva
742 2961 875 3020 nascitur
907 2961 1050 3037 quaestio.

196 3063 272 3122 Nam
297 3067 322 3124 si
345 3085 403 3125 non
427 3085 514 3141 posse
536 3086 658 3143 peooare
681 3068 801 3143 dicitur,
824 3067 947 3126 difficile
970 3068 1052 3127 orodi

197 3172 303 3231 dobere
327 3173 455 3248 videtur3
479 3180 513 3233 ut
537 3175 616 3234 onim
634 3175 852 3251 aliquantulum
869 3175 974 3251 loquor
991 3181 1074 3234 non‘

542 3295 550 3323 ¹
570 3294 603 3347 al.
623 3312 706 3348 nuno.
