2280 3870
148 337 190 398 14
485 355 509 398 s.
533 353 663 398 insanin

146 515 224 577 Nam
248 516 274 575 si
297 516 432 574 diabolus
447 521 499 574 aut
514 516 601 574 homo
622 533 694 573 suus
710 520 790 574 esset
804 519 857 574 aut
871 515 1011 591 alterius,

44 668 48 679 .
91 701 96 708 Ι
146 641 236 700 quarn
257 622 326 696 Dei,
359 628 411 681 aut
437 622 469 680 in
496 623 566 696 aiia,
601 640 690 699 quam
718 622 750 680 in
771 621 828 681 Dei
855 627 1011 698 potestate

0 711 125 820 offa
145 734 290 804 maneret,
313 729 438 788 forsitan
460 729 516 788 hoc
538 735 619 788 recte
635 728 795 806 diceretur;
819 748 888 788 cum
903 734 1007 789 autem

38 854 64 882 m
102 849 126 874 ”
145 836 279 896 diabolus
311 842 363 895 aut
394 836 481 894 homo
513 854 572 894 non
606 836 645 894 sit
672 835 731 894 nisi
757 835 826 910 Dei,
859 841 889 895 et
917 841 1011 896 extra

0 1014 1 1020 ¹
13 935 135 1026 m„
144 947 322 1020 potestatem
352 943 408 1002 Dei
439 947 545 1001 neuter
577 943 733 1002 consistat:
766 960 856 1019 quam
881 961 1005 1002 causam

0 1050 32 1132 'V'
63 1044 247 1146 fflplebuit
261 1049 343 1109 Deus
366 1068 454 1126 agere
477 1068 546 1108 cum
569 1068 635 1124 suo,
659 1050 696 1109 de
713 1067 779 1123 suo,
802 1050 835 1108 in
858 1067 920 1124 suo,
943 1049 1005 1110 nisi

133 1147 179 1215 'ut
203 1175 323 1216 servum
346 1175 434 1216 suum
457 1157 590 1233 puniret,
614 1156 665 1234 qui
689 1175 742 1216 suo
765 1174 907 1215 conservo
924 1174 1008 1214 com-

145 1282 266 1323 munem
290 1264 443 1324 dominum
466 1263 601 1322 deserere
624 1269 654 1322 et
681 1264 719 1322 ad
747 1275 779 1322 se
804 1263 1005 1339 persuasisset

145 1371 284 1445 transire,
316 1390 350 1431 ac
377 1371 501 1430 traditor
528 1370 701 1446 fugitivum,
733 1370 782 1428 fur
808 1370 905 1429 furem
933 1388 1005 1429 cum

143 1479 222 1538 furto
250 1478 362 1537 domini
390 1477 437 1536 sui
465 1477 663 1555 suscepisset?
714 1477 845 1566 Uterque
872 1495 1008 1560 namque

143 1586 290 1659 furerat,
314 1604 383 1645 cum
406 1585 492 1658 alter,
520 1585 611 1643 altero
634 1584 844 1659 persuadente,
868 1584 1005 1660 seipsum

145 1692 263 1751 domino
297 1710 350 1751 suo
382 1693 541 1750 iurabatur.
589 1690 667 1764 Quid
695 1691 774 1749 enim
800 1691 909 1767 justius
937 1691 1022 1801 fierip¹

144 1804 259 1876 posset,
289 1799 314 1856 si
337 1799 392 1857 hoo
414 1799 496 1857 Deus
518 1800 647 1856 faceret?
692 1799 753 1855 Aut
777 1798 803 1856 si
824 1797 916 1874 judex
939 1814 1006 1856 om·

144 1907 227 1964 nium
251 1899 505 1964 Deus'hominem
534 1906 577 1964 sio
599 1922 773 1980 possessum
796 1905 833 1963 de
855 1908 1006 1980 potestate

144 2019 205 2073 tam
228 2013 339 2088 injuste
362 2012 556 2088 possidentis,
580 2013 628 2070 vel
651 2012 689 2071 ad
708 2011 892 2088 puniendum
915 2011 1003 2070 illum
1032 2025 1034 2028 ’

144 2119 231 2178 aliter
253 2138 342 2197 quam
365 2137 418 2194 per
441 2119 603 2193 diabolum,
626 2120 674 2178 vel
697 2120 735 2178 ad
750 2118 932 2195 parcendum
947 2117 1005 2192 illi,

145 2218 285 2302 eriperet:
324 2244 399 2302 quae
431 2226 503 2284 haec
539 2226 684 2302 injustitia
715 2228 812 2285 esset?
859 2224 1005 2298 Quamvis

145 2335 224 2393 enim
240 2334 326 2392 homo
349 2333 428 2409 juste
444 2351 462 2392 a
477 2333 591 2391 diabolo
607 2338 806 2410 torqueretur,
822 2333 886 2408 ipse
901 2336 1003 2390 tamen

18 2501 24 2516 ,
82 2443 230 2521 pmjllum
253 2440 362 2516 injuste
384 2441 546 2516 torquebat.
585 2440 680 2499 Homo
700 2457 828 2516 namque
843 2443 1004 2513 meruerat,

0 2543 177 2643 ,Qut
205 2548 372 2623 puniretur,
405 2565 461 2605 nec
488 2548 524 2605 ab
552 2547 614 2604 ulio
643 2545 878 2620 convenientius,
911 2563 1003 2621 quam

144 2655 179 2713 ab
212 2655 276 2724 iilo,
309 2653 356 2711 cui
390 2658 590 2728 consenserat,
622 2659 657 2712 ut
688 2657 832 2730 peccaret.
883 2651 1049 2772 Diaboli&

143 2779 213 2820 vero
236 2761 376 2819 meritum
398 2761 515 2818 nullum
538 2765 613 2834 erat,
642 2766 676 2818 ut
699 2760 831 2836 prurirct3
860 2759 918 2816 imo
945 2758 982 2816 ho

144 2872 224 2926 tanto
247 2867 372 2925 faciebat
394 2867 548 2942 injustius,
572 2873 681 2943 quanto
697 2884 756 2925 non
776 2866 813 2925 ad
829 2867 885 2925 hoc
900 2882 982 2923 amor
1010 2822 1049 2949 pi

141 2975 275 3051 justitiae
307 2975 490 3047 trahebatur,
523 2974 576 3032 sed
607 2973 752 3032 instinctu
783 2972 913 3031 malitiae
944 2971 988 3029 im
1017 2958 1049 3018 5¹¹

143 3082 316 3157 pellebatm.
362 3080 440 3139 Nam
463 3081 518 3138 hoc
540 3098 599 3139 non
621 3080 759 3163 faciebat,
785 3081 847 3138 Deo
869 3079 1003 3154 jubente,

144 3189 197 3248 scd
224 3187 514 3263 incomprehensibili
547 3187 691 3263 sapientia
719 3206 785 3261 sua,
818 3184 895 3263 qua1
922 3185 1004 3244 mala

490 3306 552 3360 111.
573 3324 649 3375 quac.
