2280 3870
158 301 271 586 ”t
293 252 466 503 lul
515 182 879 500 pqr<

368 780 495 845 LIBER
526 781 696 846 PRIMUS.

425 926 637 934 —--——

388 1071 389 1074 =
462 1030 552 1094 cAP.
575 1030 599 1095 Ι.

241 1152 378 1221 Quaesti0,
399 1154 431 1206 de
450 1169 502 1222 qua
520 1155 605 1206 totum
625 1169 692 1222 opus
710 1155 815 1222 pendet.

1050 1075 1127 1140 J

172 1300 269 1359 Snuru
293 1306 323 1360 et
347 1300 566 1360 studiosissime
588 1301 724 1360 amultis
746 1307 867 1377 rogatus
891 1321 958 1361 sum

103 1414 133 1466 et
166 1408 264 1467 uerbis
296 1414 327 1467 et
358 1406 466 1480 literiS,
505 1413 651 1483 quatenus
683 1409 837 1483 cujusdam
870 1427 958 1484 quae-

104 1514 209 1572 stionis
232 1515 269 1572 de
291 1515 351 1572 tide
370 1518 471 1573 nostra
485 1515 627 1589 rationes,
651 1533 725 1591 quas
742 1516 821 1574 soleo
836 1533 958 1592 respon·

103 1622 174 1679 dere
215 1621 437 1697 quaerentibus,
484 1621 642 1680 memoriae
684 1622 837 1681 scribendo
879 1640 958 1682 com-

101 1728 286 1786 mendarem:
325 1728 428 1786 dicunt
464 1729 544 1787 enim
580 1727 636 1787 sibi
673 1728 790 1803 placere
822 1747 885 1802 eas,
927 1734 958 1788 et

102 1835 281 1894 arbitrantur
305 1835 481 1895 satisfacere.
528 1833 614 1907 Quod
628 1839 748 1911 petunt,
770 1853 830 1894 non
847 1842 881 1894 ut
903 1855 958 1912 per
1081 1919 1082 1922 Ἴ

101 1942 246 2001 rationem
268 1943 306 2000 ad
328 1942 418 2001 fidem
440 1942 593 2018 accedant,
617 1942 671 2001 sed
693 1946 858 2016 uteorum,
882 1961 958 2019 quae
1073 1936 1127 2034 β’

103 2048 240 2121 credrmt,
264 2049 418 2107 intellectu
441 2053 471 2108 ct
494 2048 741 2126 contemplatione
765 2049 957 2123 delectentur,
1009 2020 1070 2133 §.0⁶³

102 2160 132 2211 et
155 2159 189 2211 ut
213 2154 285 2228 sint,
313 2161 458 2231 quantum
484 2159 624 2232 possunt,
651 2155 747 2231 parati
775 2173 892 2232 semper
919 2119 1014 2215 adli*

103 2260 333 2321 satisfactionem
360 2262 440 2321 omni
467 2262 602 2339 poscenti
630 2279 662 2321 se
686 2261 830 2321 rationem
853 2263 890 2321 de
913 2281 957 2337 ea,

13 2415 19 2442 ,
101 2367 222 2444 quaein
237 2368 323 2427 nobis
338 2374 397 2443 est,
422 2386 483 2445 spe.
523 2368 618 2453 Quam
638 2369 841 2444 quaestionem
860 2369 956 2428 solent

102 2481 132 2534 et
154 2475 290 2534 infideles
305 2476 404 2550 nobis,
429 2458 650 2553 simplicitatem
665 2476 854 2535 christianam
871 2476 956 2552 quasi

98 2583 211 2641 fatuam
234 2582 416 2658 deridentes,
449 2583 588 2659 objicere,
621 2587 652 2642 et
679 2582 783 2641 fideles
810 2583 898 2641 multi
924 2583 957 2641 in

100 2689 188 2748 corde
211 2706 343 2748 versare:
368 2709 427 2772 qua
450 2690 564 2748 scilieet
586 2689 699 2750 ratione
714 2689 763 2748 vel
778 2666 971 2748 necessitatel

100 3007 176 3065 Cum
203 3009 259 3068 hoc
285 3014 337 3068 aut
364 3028 418 3086 per
445 3009 534 3068 aliam
556 3027 725 3086 personam,
755 3009 818 3068 sive
844 3009 955 3084 angeli-

98 3133 176 3188 (am,
210 3114 272 3174 sive
304 3117 476 3191 humanam,
508 3121 560 3176 aut
589 3117 651 3175 sola
677 3117 830 3175 voluntate
858 3117 955 3175 tacere

97 3221 240 3297 potuerit,
269 3222 306 3281 de
334 3241 393 3300 qua
420 3224 593 3300 quaestione
620 3241 679 3282 non
712 3223 809 3282 solum
836 3222 954 3296 literati,

752 3330 791 3388 1*
