2280 3870
199 337 239 397 52
539 352 563 396 s.
582 351 714 396 lusnnur

199 520 233 574 ut
260 533 363 574 eorum
385 514 568 573 confirmatio
596 531 655 571 non
683 512 735 570 diu
757 511 938 584 differretur,
966 525 1057 587 prop·'

200 627 280 681 terea
308 621 379 698 quia
405 620 509 679 mundi
536 620 607 680 novi
633 619 854 678 renovationem
876 636 947 677 mox
969 636 1054 693 opor·

198 729 294 789 teretl
326 729 405 805 fieri;
439 727 519 803 quod
551 745 611 785 non
642 726 788 785 convenit.
839 724 924 799 Quod
955 729 1055 783 autem
1112 708 1113 715 ἵ

198 835 333 895 eamdem
348 834 607 894 confirmationem
630 851 726 911 usque
749 834 787 891 ad
802 833 908 891 mundi
921 833 1054 890 futuram

198 942 419 1002 renovationem
442 941 560 1001 differre
574 941 656 999 Deus
680 939 820 1014 voluerit,
842 939 1054 998 inconveniens

199 1049 329 1123 videtur,
357 1047 532 1125 praesertim
560 1066 629 1107 oum
656 1047 739 1105 illam
766 1046 807 1124 in¹
821 1046 971 1123 aliquibus
994 1051 1062 1103 tam¹

199 1157 257 1216 0110
285 1155 453 1232 perfecerim
487 1160 608 1214 etcum
635 1153 764 1228 intelligi
790 1153 898 1230 possit,
930 1151 1000 1229 quia
1022 1152 1055 1209 in

200 1263 304 1340 primis
342 1261 527 1335 hominibus,
567 1261 684 1337 quaudo
722 1261 945 1336 peecaverunt‚'
971 1259 1056 1317 illam

173 1428 176 1433 .
199 1371 327 1443 fecisset,
352 1370 378 1428 si
400 1388 460 1428 non
475 1372 657 1445 peccassent,
681 1367 759 1427 siout
779 1366 849 1426 fecit
868 1367 901 1424 in
919 1383 1055 1442 perseve-

199 1477 337 1536 rantibus
369 1476 492 1551 angelis.
540 1474 682 1548 Quamvis
715 1475 794 1534 enim
826 1475 958 1532 nondum
988 1490 1055 1548 pro-

201 1584 380 1642 veherentur
406 1584 444 1641 ad
467 1582 550 1641 illam
572 1582 781 1658 aequalitatem
804 1581 989 1657 angelorum,
1017 1578 1056 1637 ad

201 1709 291 1768 quam
318 1688 488 1766 perventuri
516 1694 600 1748 erant
630 1690 779 1763 homines,
811 1707 880 1748 oum
907 1688 1056 1764 perlectus

201 1802 281 1857 esset
300 1814 443 1856 numerus
465 1797 502 1854 de
521 1796 584 1854 illis
603 1796 815 1872 assumendus3
839 1795 872 1852 in
886 1794 940 1852 illa
956 1799 1057 1852 tamen

198 1904 327 1980 justitia,
347 1905 379 1961 in
401 1908 570 1980 quaerant,
590 1904 719 1977 videtur,
741 1903 848 1979 quod‚²
864 1903 890 1961 si
904 1902 1056 1972 vicissent,

201 2016 235 2069 ut
258 2030 317 2069 non
340 2014 497 2086 peccarent
520 2010 634 2084 tentati,
657 2011 699 2068 ita
722 2010 966 2069 confirmarentur
987 2009 1056 2066 c'um

202 2119 283 2176 omni
311 2117 473 2193 propagine
502 2134 568 2190 sna,
596 2121 630 2174 ut
657 2110 736 2175 ultra
762 2134 885 2192 peccare
908 2133 968 2174 non
989 2132 1056 2190 pos-

202 2229 282 2283 sent:
307 2223 555 2300 quemadmodum
578 2223 666 2300 quia3
688 2223 760 2282 victi
779 2227 989 2300 peccaverunt,
1014 2222 1057 2280 sio

201 2331 342 2389 infirmati
375 2335 456 2403 sunt,
489 2336 535 2404 ut,
568 2335 712 2407 quantum
739 2331 772 2388 in
798 2330 874 2406 ipsis
902 2336 960 2403 est,
993 2327 1057 2387 sine

202 2442 323 2514 peccato
357 2455 423 2496 esse
456 2455 516 2495 non
550 2437 674 2513 possint.
732 2436 804 2510 Quis
839 2437 920 2496 enim
952 2436 1058 2494 audeat

203 2544 299 2603 dicere
326 2544 396 2620 plus
424 2544 523 2602 valere
550 2543 726 2619 injustitiam
754 2546 792 2602 ad
818 2543 1003 2619 alligandum
1025 2542 1057 2600 in

204 2651 347 2710 servitute
375 2650 525 2709 hominem
553 2651 585 2708 in
617 2652 712 2727 prima
740 2651 876 2710 suasione
905 2650 963 2709 sibi
990 2667 1058 2709 oon-

203 2757 391 2829 sentientem,
411 2775 501 2832 quam
516 2758 628 2817 valeret
639 2758 756 2834 justitia
770 2758 808 2816 ad
825 2756 1058 2816 confirmandum

203 2863 326 2923 eumin
349 2864 495 2937 libertate,
519 2864 577 2923 sibi
599 2864 630 2922 in
653 2865 755 2924 eadem
778 2864 873 2941 prima
896 2864 1059 2923 tentatione

203 2971 433 3030 adhaerentem?
465 2970 542 3029 Nam
562 2972 823 3048 quemadmodum,
847 2971 986 3047 quoniam
1003 2971 1058 3028 hu-

203 3096 290 3136 mana
314 3082 419 3136 natura
442 3083 503 3137 tota
526 3083 589 3137 erat
611 3079 643 3136 in
666 3065 839 3155 parentibus
856 3077 973 3154 primis,
997 3082 1058 3136 tota

278 3214 336 3269 ¹al.
356 3220 459 3283 oportet
478 3218 505 3268 et
524 3220 655 3284 oporteat.
703 3215 759 3269 ²al.
779 3215 856 3284 quia,
876 3214 906 3268 si
923 3214 1059 3267 0100000111

204 3304 378 3372 intemptata,
398 3321 456 3358 noo
471 3310 624 3372 peccarent.
683 3305 737 3358 ³al.
758 3305 815 3373 qui.

659 3586 783 3644 A
