2280 3870
402 350 460 394 cna
482 351 560 395 nnus
582 332 684 394 nono?
928 331 968 393 61

116 516 168 570 aut
191 511 266 570 solvi
289 530 307 570 a
329 517 458 588 peceato,
481 512 542 570 nisi
558 512 661 586 solvat,
686 512 765 589 qnod
782 512 883 588 rapuit
903 530 972 588 peo-

116 619 223 692 oando,
252 619 296 677 sio
324 624 425 694 aperte
452 619 637 693 monstrasti,
669 625 704 678 ut
732 618 850 679 etiamsi
871 619 971 694 velim,

116 743 178 784 non*
198 725 310 802 possim
334 726 477 785 dubitare.

457 975 540 1034 OAP.
563 974 631 1034 XX.

117 1128 195 1195 Quod
213 1131 359 1184 seeundum
378 1147 530 1184 mensuram
548 1131 651 1200 peccati
669 1133 790 1200 oporteat
811 1147 870 1185 esse
893 1131 970 1184 satis-

180 1218 335 1288 factionem3
354 1237 402 1274 neo
422 1236 481 1273 eam
499 1221 579 1275 homo
598 1237 645 1289 per
664 1237 692 1274 se
712 1220 798 1274 faeere
817 1221 908 1290 possit.

184 1369 315 1427 Ansnnn.
347 1368 412 1427 Hoc
435 1387 552 1446 qnoque
575 1387 635 1428 non
653 1362 810 1442 dubitabis,
834 1373 869 1427 ut
891 1373 994 1460 puto,x
1010 1373 1131 1455 2515&

118 1475 187 1551 quia
214 1475 379 1535 secundum
407 1495 576 1536 mensuram
603 1477 717 1554 peccati
746 1480 860 1553 oportet
888 1454 1127 1559 satis-acciit1

117 1581 276 1641 factionem
299 1600 372 1642 esse.
1098 1562 1132 1628 f

116 1753 120 1761 ,
184 1689 269 1748 Boso.
302 1690 400 1750 Aliter
415 1691 602 1769 aliquatenus
622 1691 823 1749 inordinatum
842 1696 974 1749 maneret
998 1678 1068 1714 ⁷⁰¹¹*
1092 1690 1132 1715 ⁶

117 1802 286 1873 peecatum,
315 1799 394 1874 quod
422 1816 489 1858 esse
516 1817 576 1858 non
603 1802 713 1874 potest,
742 1798 768 1857 si
792 1796 874 1856 Deus
896 1797 974 1855 nihil

117 1904 262 1980 relinquit
283 1904 484 1964 inordinatum
507 1907 539 1964 in
562 1923 654 1981 regno
678 1923 739 1964 suo.
773 1904 832 1964 Sed
854 1904 911 1963 hoo
926 1908 974 1962 est

118 2013 337 2089 praestitutum,
356 2012 425 2088 qnia
444 2013 607 2090 quamlibet
621 2031 746 2088 parvum
761 2010 974 2071 inconveniens

117 2119 150 2176 in
173 2119 235 2178 Deo
258 2118 441 2195 impossibile
464 2126 518 2179 est.

185 2227 317 2285 Arsnmr.
368 2226 426 2285 Die
462 2245 547 2302 ergo,
587 2227 659 2304 quid
692 2227 788 2286 solves
820 2226 883 2285 Deo
920 2244 973 2303 pro
1012 2273 1017 2284 .

119 2338 239 2409 peceato
262 2336 331 2392 tuo?

186 2439 270 2526 Boeo.
316 2441 546 2516 Poenitentiam‚
569 2460 620 2501 oor
642 2441 800 2501 contritum
824 2448 854 2501 et
877 2413 995 2510 humi-l
1020 2519 1022 2525 ,

119 2547 238 2622 batum,
266 2547 473 2621 abstinentias,
501 2553 532 2606 et
554 2548 744 2607 multimodos
766 2549 882 2608 labores
910 2567 973 2607 cor-

120 2655 213 2730 poris,
243 2660 273 2714 et
300 2655 532 2714 misericordiam
560 2655 649 2713 dandi
677 2662 708 2716 et
735 2655 917 2730 dimittendi,
945 2661 975 2715 et

119 2762 325 2822 obedientiam.

187 2871 318 2929 Arsnmr.
366 2868 443 2942 Quid
466 2870 497 2928 in
521 2871 568 2929 his
591 2870 729 2929 omnibus
751 2871 804 2930 das
827 2870 908 2930 Deo?

188 2977 272 3036 Boso.
311 2979 358 3036 An
378 2996 438 3036 non
458 2978 568 3037 honoro
589 2978 695 3051 Deum,
721 2978 839 3055 quando
855 2983 976 3053 propter

120 3083 256 3143 timorem
288 3085 354 3160 ejus
386 3091 417 3144 et
449 3103 579 3143 amorem
610 3085 642 3143 in
674 3085 771 3145 cordis
799 3059 975 3144 contritione

120 3190 263 3251 laetitiam
295 3192 488 3268 temporalem
515 3192 633 3269 abjioio,
666 3193 698 3250 in
729 3191 917 3251 abstinentiis
946 3196 975 3249 et

120 3297 270 3358 laboribus
301 3299 512 3359 delectationes
546 3305 576 3359 et
608 3300 736 3378 quietem
774 3300 865 3375 hujus
897 3297 975 3356 vitae

957 3580 1097 3648 Ι·
