2280 3870
47 196 114 316 R

200 305 263 363 104
388 297 395 304 “
535 320 558 364 s.
582 320 711 364 nussum

196 481 397 554 contumelias,
416 486 467 539 aut
485 481 606 554 dolores,
625 485 676 539 aut
690 486 813 540 mortem
831 481 975 556 ajustitia
988 499 1049 540 non

195 587 375 660 recederent,
413 587 439 645 si
475 587 575 662 ipsum
611 588 683 646 haec
714 588 812 646 omnia
848 587 956 646 sentire
987 604 1050 646 noo>

196 695 406 766 agnoscerent?

536 871 619 930 oAP.
642 870 710 930 XII.

196 985 414 1060 Qllilll-is.
425 989 660 1058 ,incommodorum
682 991 834 1043 nostrorum
854 988 985 1058 particeps
1005 988 1049 1058 sit,

457 1059 542 1132 miser
559 1061 720 1124 tamennon
738 1056 779 1112 sit.
808 1057 810 1062 ’

263 1205 345 1264 Boso.
392 1203 497 1264 Omnia
524 1206 596 1264 haec
621 1210 754 1282 patenter
781 1206 951 1278 ostendunt,
977 1223 1048 1285 eum

194 1311 347 1370 mortalem
369 1315 399 1370 et
420 1311 669 1370 incommodorum
689 1316 855 1370 nostrorum
874 1311 1049 1387 participem

195 1434 260 1474 esse
284 1423 422 1492 oportere.
473 1417 531 1476 Sed
553 1418 625 1476 haec
647 1417 744 1476 omnia
770 1416 905 1476 miseriae
930 1421 1048 1475 nostrae

195 1526 278 1598 sunt;
302 1523 446 1598 numquid
469 1541 538 1598 ergo
560 1523 650 1581 miser
673 1523 746 1581 erit?
847 1585 848 1591 χ

198 1685 200 1691 ,
261 1629 391 1698 Arssnn.
441 1629 647 1705 Nequaquam3
680 1646 748 1686 nam
780 1628 857 1688 sicut
888 1629 925 1687 ad
955 1627 1047 1686 beati·

194 1734 327 1792 tudinem
364 1753 422 1793 non
454 1736 582 1810 pertinet
612 1735 808 1809 commodum,
845 1734 923 1811 quod
958 1734 1047 1791 habet

195 1840 262 1916 quis
303 1845 402 1899 contra
437 1840 630 1914 voluntatem,
675 1841 717 1898 ita
752 1858 812 1898 non
848 1845 893 1898 est
928 1839 1047 1896 miseria

194 1947 412 2020 apprehendere
440 1947 586 2021 sapienter
617 1946 700 2003 nulla
727 1946 901 2004 necessitate
928 1945 1048 2022 aliquod

193 2050 410 2109 incommodum
433 2052 594 2110 secundum
615 2052 804 2111 voluntatem.

260 2156 343 2216 Boso.
391 2156 615 2216 concedendum
638 2161 691 2216 est.

525 2386 608 2447 OAP.
632 2387 716 2446 ΧΠΙ.

193 2503 270 2570 Quod
293 2521 355 2558 cum
378 2505 435 2559 aliis
457 2505 774 2629 infirmitaltibssistnostris
797 2505 971 2574 ignorantiam
994 2519 1047 2558 non

597 2593 612 2629 a
631 2593 680 2629 ea.

117 2750 133 2797 ¹.
148 2694 185 2777 ’ς
259 2704 342 2764 Boso.
400 2705 514 2764 Verum
548 2706 581 2764 in
617 2707 672 2765 hac
708 2705 913 2779 similitudine,
956 2721 1043 2780 quam

11 2798 42 2874 ε’»
55 2839 78 2892 „e
94 2835 128 2893 a*
192 2811 298 2869 habere
326 2812 411 2870 debet
437 2830 505 2871 cum
531 2813 712 2886 hominibus,
745 2812 804 2886 dic,
834 2816 935 2869 utrum
962 2810 1051 2885 igno·

191 2917 317 2974 rentiam
344 2934 473 2994 quoque,
506 2918 583 2977 siout
609 2918 682 2977 alias
709 2918 895 2976 infirmnates
922 2921 1045 2988 nostras,

191 3023 345 3082 habiturus
369 3023 425 3081 sit?

258 3130 388 3187 Arsrrn.
444 3126 520 3200 Quid
552 3127 667 3185 dubitas
699 3126 735 3186 de
767 3126 841 3200 Deo,
874 3132 974 3184 utrum
1005 3127 1045 3186 sit

191 3235 299 3304 omnia
314 3235 428 3294 sciens?
