2280 3870
158 322 201 383 40
501 341 524 384 s.
544 342 675 384 assatur

159 520 218 579 qua
243 502 333 576 irent,
362 503 418 560 snb
446 501 527 560 coelo
550 506 663 578 essent3
693 508 723 560 et
746 507 856 579 quanto
880 503 974 578 magis
996 522 1013 561 a

159 609 291 686 qualibet
323 615 407 684 parte
440 607 514 667 coeli
547 608 766 683 elongarentur,
804 614 885 668 tanto
918 610 1012 684 magis

160 717 311 792 oppositae
348 716 426 792 parti
458 714 738 792 appropinquarent.
793 716 841 774 lta
875 717 1012 792 quamvis

158 823 246 881 homo
277 824 327 882 vel
359 822 455 880 malus
493 822 617 897 angelus
651 823 769 881 divinae
806 823 952 881 voluntati
984 828 1013 882 et

158 931 335 989 ordinationi
355 930 506 1005 subjacere
525 929 608 1003 nolit,
632 934 808 989 nontamen
829 948 894 988 eam
910 931 1013 1005 fugere

158 1037 249 1113 valet3
266 1038 345 1113 ⁴quia
357 1036 383 1095 si
398 1037 465 1095 vult
479 1037 583 1111 fugere
596 1037 632 1095 de
645 1038 701 1096 snb
717 1037 868 1096 voluntate
881 1038 1011 1112 jubente,

158 1143 250 1202 currit
273 1145 328 1202 sub
351 1143 534 1203 voluntatem
557 1143 737 1219 punientem.
774 1144 814 1202 Et
837 1144 863 1202 si
887 1145 1020 1220 qnaeris,

159 1268 218 1326 qua
240 1251 366 1309 transit?
389 1269 448 1310 non
472 1251 530 1309 nisi
554 1252 609 1310 sub
633 1250 785 1309 voluntate
808 1252 1011 1328 permittente,

158 1363 188 1416 et
214 1357 271 1416 hoc
298 1358 412 1433 ipsum,
446 1359 525 1434 quod
552 1368 691 1434 perverse
713 1358 779 1416 vult
801 1362 853 1416 aut
875 1358 949 1433 agit,
981 1359 1013 1416 in

158 1464 360 1523 universitatis
383 1466 531 1541 praefatae
555 1465 689 1524 ordinem
707 1470 737 1524 et
759 1465 1014 1541 pulchritudinem

159 1589 275 1630 summa
298 1571 443 1647 sapientia
466 1548 619 1630 convertit.
657 1572 728 1648 lpsa
750 1591 879 1648 namque
894 1591 1013 1648 perver-

158 1678 255 1738 sitatis
275 1684 437 1754 spontanea
456 1679 617 1738 satisfactio
637 1679 686 1737 vel
704 1699 721 1737 a
740 1697 800 1738 non
815 1679 1013 1739 satisfaciente

158 1803 270 1861 poenae
286 1784 400 1843 exactio
424 1786 561 1862 (excepto
584 1787 649 1860 hoo,
673 1786 752 1862 quod
767 1786 849 1844 Deus
873 1786 909 1844 de
925 1786 1012 1845 malis

158 1892 342 1951 multimodis
356 1892 433 1950 bona
446 1892 528 1969 facit)
544 1892 575 1949 in
590 1893 691 1951 eadem
705 1893 899 1952 universitate
914 1893 1013 1952 locum

158 2004 261 2059 tenent
284 2017 372 2058 suum
395 2005 426 2057 et
443 1999 555 2057 ordinis
578 1999 840 2075 pulchritudinem.
875 1998 966 2074 Quas,
986 2002 1011 2060 si

158 2105 259 2163 divina
286 2105 430 2181 sapientia
458 2107 509 2165 ubi
537 2107 716 2182 perversitas
743 2112 857 2166 rectum
881 2107 1014 2166 ordinem

40 2282 45 2292 .
158 2212 329 2289 perturbare
361 2212 479 2287 nititur,
512 2231 572 2272 non
604 2213 741 2288 adderet,
775 2215 860 2272 fieret
887 2214 919 2272 in
945 2215 1012 2289 ipsa

81 2350 84 2357 ·
156 2319 358 2393 universitate,
381 2338 470 2396 quam
486 2319 569 2378 Deus
592 2320 681 2380 debet
701 2321 845 2395 ordinare,
869 2322 1015 2398 quaedam

158 2445 196 2485 ex
227 2427 330 2485 violati
362 2426 473 2485 ordinis
510 2426 732 2503 pulchritudine
764 2427 947 2502 deformitas,
983 2432 1013 2486 et

51 2590 75 2613 .=
158 2533 240 2592 Deus
260 2534 293 2591 in
314 2551 368 2592 sua
388 2533 582 2610 dispositione
597 2534 749 2593 videretur
765 2534 898 2594 deficere.
933 2533 1013 2607 Quae

158 2641 226 2714 duo,
250 2641 390 2716 quoniam
413 2642 492 2700 sicut
515 2646 585 2701 sunt
607 2642 853 2715 inconvenientia,
867 2643 920 2700 ita
942 2647 1013 2703 sunt

157 2747 361 2823 impossibilia,
385 2766 506 2807 necesse
522 2753 580 2823 est,
605 2752 638 2805 ut
654 2767 740 2807 omne
755 2754 911 2826 peccatum
927 2749 1013 2807 satis-

57 2866 60 2871 '
157 2854 245 2913 factio
268 2859 320 2913 aut
342 2873 438 2938 poena
461 2860 609 2932 sequatur.

224 2961 308 3020 Boso.
357 2961 534 3021 satisfecisti
559 2962 714 3038 objectioni
738 2981 828 3020 meae.

163 3116 164 3120 ,
225 3071 355 3127 Ansnnn.
402 3069 503 3127 Palam
528 3073 574 3127 est
596 3088 674 3144 ergo,
699 3070 768 3146 qnia
788 3070 895 3145 Deum,
920 3089 1013 3148 quan·

157 3180 221 3234 tum
243 3175 363 3251 inipso
386 3181 439 3249 est,
463 3176 580 3234 nullum
603 3180 700 3252 potest
722 3176 866 3236 honorare
889 3179 939 3237 vel
961 3196 1013 3236 ex-

157 3282 313 3358 honorare;
347 3282 404 3345 sed,
432 3288 577 3359 quantum
609 3283 642 3339 in
675 3300 706 3341 se
739 3288 785 3342 est
817 3285 872 3344 hoc
904 3285 1013 3362 aliquis
