2280 3870
217 325 279 383 120
551 339 575 384 s.
600 340 728 383 insnum

216 499 397 576 Quapropter
435 501 512 558 sicut
547 519 607 559 non
639 500 726 559 debes
758 500 865 573 dicere,
904 499 973 578 quia
1003 515 1061 556 non

215 611 311 682 potuit
342 606 420 665 nen1
452 606 528 665 velle
559 607 645 680 mori,
683 611 733 664 aut
764 605 938 664 necessitate
969 605 1065 663 voluit

215 713 301 784 mori,
327 713 369 771 sic
392 731 451 771 non
474 717 519 771 est
541 712 709 785 dicendum,
734 712 803 788 quia
821 730 880 770 non
893 711 990 787 potuit
1003 727 1064 769 non

215 819 301 890 mori,
325 823 376 876 aut
397 818 571 877 necessitate
593 823 726 877 mortuus
749 823 801 876 est.
874 866 876 869 ,

282 925 365 982 Bcso,
411 925 474 983 lma
497 925 635 1000 queniam
658 924 753 983 eidem
776 924 927 998 subjacent
949 922 1065 989 rationi,

217 1031 329 1089 scilicet
352 1035 381 1088 et
403 1031 477 1089 mori
504 1035 533 1088 et
555 1031 632 1089 velle
654 1031 740 1104 mori,
768 1036 926 1105 utrumque
949 1028 1067 1086 videtur

215 1135 248 1194 in
270 1137 341 1194 illo2
364 1137 537 1195 necessitate
560 1137 660 1195 tuisse.

282 1244 412 1301 Asanam.
437 1261 441 1266 ·
473 1241 545 1315 Quis
583 1261 614 1300 se
651 1248 755 1319 sponte
791 1243 885 1301 valuit
916 1241 1066 1299 hominem

216 1348 324 1421 facere,
348 1353 381 1407 ut
404 1350 504 1407 eadem
526 1348 703 1406 immutabili
726 1349 877 1407 voluntate
895 1350 1066 1418 moreretur,

217 1458 246 1513 et
273 1473 325 1529 per
348 1455 437 1529 hujus
459 1455 548 1513 fidem
571 1454 754 1512 certitudinis
777 1454 860 1529 virgo
882 1452 992 1510 munda
1014 1452 1066 1509 fie-

217 1566 273 1633 ret,
297 1560 333 1618 de
357 1578 415 1636 qua
436 1561 522 1618 homo
545 1560 597 1618 ille
620 1561 834 1618 assumeretur?

284 1666 367 1724 Bosa.
414 1666 508 1739 Deus,
531 1665 624 1724 Filius
647 1665 710 1723 Dei.

94 1798 112 1835 ι’
160 1809 186 1844 η,
283 1773 413 1830 Ansnnn.
459 1770 563 1831 Nonne
586 1776 780 1830 monstratum
798 1776 843 1830 est
862 1788 963 1845 supra,
987 1769 1065 1845 qued

63 1912 71 1935 1
217 1876 274 1936 Dei
295 1879 431 1936 voluntas
454 1878 537 1935 nulla
559 1877 672 1953 cogitur
694 1878 881 1949 necessitate,
906 1877 958 1934 sed
980 1874 1067 1950 ipsa3

13 1979 16 1988 ’
70 1964 113 2059 ⁶3}
150 2011 153 2016 ·
218 2001 249 2042 se
277 1989 436 2059 spontanea
463 2001 517 2042 sua
545 1989 640 2041 servat
668 1982 916 2056 immutabilitate,
949 1981 1067 2058 quando

217 2090 324 2147 dicitur
346 2088 458 2165 aliquid
480 2089 654 2147 necessitate
677 2090 789 2147 facere?

283 2195 366 2254 Bosa.
417 2194 494 2253 Vere
521 2199 715 2253 menstratum
742 2199 794 2253 est.
846 2193 903 2253 Sed
930 2193 1067 2250 videmus

216 2306 334 2361 econtra
362 2301 431 2377 quia
453 2301 531 2377 quod
553 2301 634 2359 Deus
657 2300 879 2358 immutabiliter
902 2299 978 2372 vult,
1005 2317 1066 2356 non

216 2412 313 2485 potest
335 2426 395 2465 non
418 2425 495 2481 esse,
520 2407 571 2465 sed
586 2424 705 2464 necesse
720 2411 851 2464 estesse.
885 2403 1067 2480 Quapropter

217 2514 243 2572 si
274 2514 355 2571 Deus
386 2513 491 2586 vluit,
528 2517 562 2571 ut
591 2512 649 2595 ,ille
680 2512 766 2570 hemo
798 2516 970 2587 moreretur,
1005 2528 1066 2569 non

216 2620 311 2696 putuit
333 2638 392 2677 non
415 2619 495 2677 mori.

283 2727 413 2804 Ansann.
459 2725 506 2783 Ex
537 2743 583 2799 ec,
617 2725 686 2800 quia
717 2723 810 2782 Filius
838 2723 893 2782 Dei
925 2722 1067 2781 assumsit

216 2831 364 2891 hominem
401 2849 435 2889 ea
470 2831 631 2903 voluntate,
678 2835 711 2888 ut
742 2834 914 2903 moreretur,
960 2829 1066 2908 probas

216 2938 342 2998 eundern
362 2937 513 2996 hominem
536 2955 595 2996 non
618 2936 749 3011 potuisse
772 2953 832 2993 non
854 2935 935 2993 mori.

284 3044 366 3101 Bcsc.
412 3042 458 3100 lta
480 3042 620 3117 intelligo.

281 3198 291 3226 ¹
309 3197 341 3250 al.
361 3198 425 3250 celle
444 3214 506 3250 aab.
618 3196 628 3224 ²
646 3196 677 3248 al.
699 3195 733 3247 111
753 3235 758 3246 .

281 3267 291 3297 ⁸
308 3268 374 3336 ipsc.
