2280 3870
406 368 465 412 eun
487 369 564 412 onus
587 351 689 413 nono?

184 530 269 589 Boso.
316 529 503 589 Concedere1
526 549 574 589 me
597 535 721 606 oportet.

185 638 317 695 Ansannn
363 636 490 696 Videtur
510 638 577 711 tibi,
602 636 681 713 quod
696 655 765 695 eum
783 637 898 712 integre
914 654 975 696 ser·

117 748 167 803 vet
191 744 216 802 si
240 744 284 803 sio
307 743 417 801 auferri
440 743 497 802 sibi
520 743 679 820 permittit,
703 750 736 801 ut
760 762 814 803 neo
835 743 975 817 solvatur,

117 869 172 910 neo
194 851 260 926 ipse
282 850 468 909 auferentem
491 850 613 927 puniat?

184 959 268 1017 Boso.
314 957 382 1016 Non
405 957 499 1017 audeo
522 958 628 1017 dicere.

146 1132 152 1139 η
184 1067 316 1124 Ansnun.
362 1064 493 1124 Necesse
527 1071 573 1124 est
605 1084 687 1140 ergo⁷
719 1070 754 1123 ut
781 1069 832 1123 aut
859 1063 975 1122 ablatus

117 1172 212 1231 honor
235 1171 378 1246 solvatur,
402 1177 455 1231 aut
478 1191 571 1248 poena
592 1177 744 1248 sequatnr3
768 1171 901 1247 alioquin
923 1176 976 1229 aut

119 1278 234 1355 sibiipsi
262 1279 344 1338 Deus
370 1280 469 1355 justus
497 1298 556 1339 non
584 1279 652 1353 erit,
681 1284 733 1337 aut
755 1278 793 1336 ad
815 1284 975 1355 utrumque

117 1387 266 1463 impotens
289 1387 358 1463 erit;
383 1387 463 1464 quod
485 1387 568 1447 nefas
592 1393 638 1446 est
661 1385 728 1445 vel²
752 1385 888 1461 cogitare.

185 1493 270 1553 Boso.
309 1493 394 1551 Nihil
409 1493 613 1553 rationabilius
634 1494 693 1551 diei
708 1493 816 1570 posse3
830 1491 975 1566 intelligo.

446 1705 538 1768 CAP.
562 1705 651 1768 XIV.

227 1845 382 1916 Cujusrnodi
400 1844 484 1899 honor
502 1846 551 1898 Dei
570 1846 606 1899 sit
624 1862 708 1914 poena
719 1810 868 1913 'peccantis

185 1957 270 2016 Boou.
318 1945 379 2016 Sed
408 1958 475 2016 volo
508 1978 525 2016 a
557 1964 586 2016 te
619 1957 734 2031 audire,
768 1957 794 2029 si
825 1954 991 2032 pecca-ntis,
1023 2007 1124 2033 Η

117 2083 214 2153 Qua
236 2065 290 2147 Sll...
298 2064 342 2122 illi
366 2065 470 2140 honor,
494 2071 547 2127 aut
562 2064 730 2141 eujusmodi
746 2064 840 2124 honor
862 2063 908 2122 sit.
944 2061 976 2120 Si

119 2148 199 2231 enirn
222 2190 316 2248 poena
348 2172 498 2248 peooantis
525 2191 583 2231 non
612 2172 676 2247 ejus
699 2171 793 2230 honor
815 2175 873 2228 est:
907 2188 976 2228 oum

119 2284 259 2355 peccatur
282 2297 342 2338 non
366 2279 466 2353 solvit,
494 2280 573 2355 quod
601 2279 736 2351 abstulit,
766 2278 818 2336 sed
845 2277 976 2353 punitur,

120 2386 165 2445 sio
179 2386 278 2462 perdit
293 2386 374 2445 Deus
390 2386 531 2444 honorem
548 2404 648 2458 suum,
665 2390 773 2444 utnon
789 2381 977 2459 recuperet34

119 2493 199 2569 quod
223 2493 283 2571 his,
306 2511 382 2569 qnae
406 2493 484 2552 diota
508 2499 590 2567 sunt,
614 2510 781 2569 repugnare
805 2491 931 2549 videtur.

186 2600 318 2659 Anauon.
356 2600 452 2657 Deum
468 2600 654 2676 impossibile
670 2605 716 2658 est
731 2599 872 2656 honorem
888 2615 977 2655 suum
1059 2653 1061 2657 ,
1081 2605 1092 2653 «ἴ
1101 2642 1105 2655 .
1116 2611 1138 2659 «ζ

118 2707 254 2784 perdere3
282 2712 335 2765 aut
362 2707 441 2765 enim
469 2713 605 2783 peccator
634 2712 739 2783 sponte
768 2704 869 2779 solvit,
897 2703 977 2781 qnod

120 2814 221 2889 debet,
245 2819 296 2872 aut
312 2814 393 2872 Deus
413 2815 449 2872 ab
465 2815 559 2873 invito
575 2814 691 2890 accipit.
731 2813 808 2871 Nam
824 2816 875 2870 aut
890 2812 976 2869 homo
1077 2795 1095 2811 ‘¹

119 2921 248 2980 debitam
282 2919 495 2997 subjectionem
522 2922 597 2995 Deo,
632 2921 693 2978 sive
725 2939 785 2979 non
809 2918 976 2995 'peccando

121 3029 184 3088 sive
215 3028 293 3105 quod
322 3033 424 3104 peceat
453 3028 604 3102 solvendo,
638 3027 790 3085 voluntate
818 3031 978 3102 spontanea

193 3167 203 3196 ¹
222 3164 255 3218 al.
279 3165 358 3230 Quod
375 3167 472 3234 utique
490 3165 648 3218 necessario
668 3164 782 3218 coozoeda'
799 3168 910 3232 oportet.

192 3236 254 3291 ²al.
274 3238 367 3291 etiam.
443 3236 503 3289 ⁸al.
520 3242 621 3305 potest,
640 3241 671 3289 at
687 3241 763 3304 pato.

191 3309 203 3339 ⁴
221 3307 254 3362 al.
273 3313 458 3376 temperetur.
