<?xml version="1.0" encoding="UTF-8"?>
<!DOCTYPE html PUBLIC "-//W3C//DTD XHTML 1.0 Transitional//EN"
    "http://www.w3.org/TR/xhtml1/DTD/xhtml1-transitional.dtd">
<html xmlns="http://www.w3.org/1999/xhtml" xml:lang="en" lang="en">
 <head>
  <title>
</title>
<meta http-equiv="Content-Type" content="text/html;charset=utf-8" />
  <meta name='ocr-system' content='tesseract 3.04.00' />
  <meta name='ocr-capabilities' content='ocr_page ocr_carea ocr_par ocr_line ocrx_word'/>
</head>
<body>
  <div class='ocr_page' id='page_1' title='image "./curdeushomolibr00ansegoog_0147.png"; bbox 0 0 2280 3870; ppageno 0'>
   <div class='ocr_carea' id='block_1_1' title="bbox 204 322 715 381">
    <p class='ocr_par' dir='ltr' id='par_1_1' title="bbox 204 322 715 381">
     <span class='ocr_line' id='line_1_1' title="bbox 204 322 715 381; baseline 0.002 -2"><span class='ocrx_word' id='word_1_1' title='bbox 204 322 266 380; x_wconf 87' lang='grc'>138</span> <span class='ocrx_word' id='word_1_2' title='bbox 538 337 561 381; x_wconf 89' lang='lat' dir='ltr'>s.</span> <span class='ocrx_word' id='word_1_3' title='bbox 585 336 715 380; x_wconf 73' lang='lat' dir='ltr'>ausuum</span> 
     </span>
    </p>
   </div>
   <div class='ocr_carea' id='block_1_2' title="bbox 65 497 1097 3220">
    <p class='ocr_par' dir='ltr' id='par_1_2' title="bbox 65 497 1097 3220">
     <span class='ocr_line' id='line_1_2' title="bbox 65 497 1052 631; baseline -0.001 -76"><span class='ocrx_word' id='word_1_4' title='bbox 65 501 112 631; x_wconf 57' lang='grc' dir='ltr'>ι</span> <span class='ocrx_word' id='word_1_5' title='bbox 180 497 347 567; x_wconf 67' lang='lat' dir='ltr'>tmcriendo</span> <span class='ocrx_word' id='word_1_6' title='bbox 379 497 549 573; x_wconf 81' lang='lat' dir='ltr'>exemplum</span> <span class='ocrx_word' id='word_1_7' title='bbox 583 497 727 557; x_wconf 86' lang='lat' dir='ltr'>moriendi</span> <span class='ocrx_word' id='word_1_8' title='bbox 758 502 877 575; x_wconf 81' lang='lat' dir='ltr'>propter¹</span> <span class='ocrx_word' id='word_1_9' title='bbox 905 497 1052 574; x_wconf 87' lang='lat' dir='ltr'>justitiam</span> 
     </span>
     <span class='ocr_line' id='line_1_3' title="bbox 94 602 1052 679; baseline 0.001 -19"><span class='ocrx_word' id='word_1_10' title='bbox 94 622 110 644; x_wconf 57' lang='lat'>&#39;·</span> <span class='ocrx_word' id='word_1_11' title='bbox 198 602 296 661; x_wconf 80' lang='lat' dir='ltr'>dedit?</span> <span class='ocrx_word' id='word_1_12' title='bbox 328 603 437 661; x_wconf 83' lang='lat' dir='ltr'>frustra</span> <span class='ocrx_word' id='word_1_13' title='bbox 464 603 603 679; x_wconf 76' lang='lat' dir='ltr'>quippel&#39;</span> <span class='ocrx_word' id='word_1_14' title='bbox 620 604 780 663; x_wconf 78' lang='lat' dir='ltr'>imitatores</span> <span class='ocrx_word' id='word_1_15' title='bbox 808 604 873 679; x_wconf 88' lang='lat' dir='ltr'>ejus</span> <span class='ocrx_word' id='word_1_16' title='bbox 898 608 996 677; x_wconf 90' lang='lat' dir='ltr'>erunt,</span> <span class='ocrx_word' id='word_1_17' title='bbox 1024 603 1052 662; x_wconf 80' lang='lat' dir='ltr'>si</span> 
     </span>
     <span class='ocr_line' id='line_1_4' title="bbox 183 708 1051 786; baseline 0.003 -21"><span class='ocrx_word' id='word_1_18' title='bbox 183 708 295 767; x_wconf 74' lang='lat' dir='ltr'>[meriti</span> <span class='ocrx_word' id='word_1_19' title='bbox 318 709 383 783; x_wconf 87' lang='lat' dir='ltr'>ejus</span> <span class='ocrx_word' id='word_1_20' title='bbox 397 709 555 785; x_wconf 84' lang='lat' dir='ltr'>participes</span> <span class='ocrx_word' id='word_1_21' title='bbox 568 728 627 768; x_wconf 92' lang='lat' dir='ltr'>non</span> <span class='ocrx_word' id='word_1_22' title='bbox 641 714 734 768; x_wconf 91' lang='lat' dir='ltr'>erunt.</span> <span class='ocrx_word' id='word_1_23' title='bbox 772 710 833 768; x_wconf 87' lang='lat' dir='ltr'>Aut</span> <span class='ocrx_word' id='word_1_24' title='bbox 851 710 928 786; x_wconf 85' lang='lat' dir='ltr'>quod</span> <span class='ocrx_word' id='word_1_25' title='bbox 939 710 1051 785; x_wconf 87' lang='lat' dir='ltr'>justius</span> 
     </span>
     <span class='ocr_line' id='line_1_5' title="bbox 198 805 1051 893; baseline 0.002 -22"><span class='ocrx_word' id='word_1_26' title='bbox 198 805 285 873; x_wconf 86' lang='lat' dir='ltr'>faciet</span> <span class='ocrx_word' id='word_1_27' title='bbox 317 815 454 873; x_wconf 88' lang='lat' dir='ltr'>haeredes</span> <span class='ocrx_word' id='word_1_28' title='bbox 486 815 589 888; x_wconf 90' lang='lat' dir='ltr'>debiti,</span> <span class='ocrx_word' id='word_1_29' title='bbox 626 834 684 893; x_wconf 88' lang='lat' dir='ltr'>quo</span> <span class='ocrx_word' id='word_1_30' title='bbox 715 816 780 891; x_wconf 88' lang='lat' dir='ltr'>ipse</span> <span class='ocrx_word' id='word_1_31' title='bbox 811 834 871 875; x_wconf 92' lang='lat' dir='ltr'>non</span> <span class='ocrx_word' id='word_1_32' title='bbox 905 821 983 891; x_wconf 83' lang='lat' dir='ltr'>eget,</span> <span class='ocrx_word' id='word_1_33' title='bbox 1021 820 1051 874; x_wconf 90' lang='lat' dir='ltr'>et</span> 
     </span>
     <span class='ocr_line' id='line_1_6' title="bbox 197 920 1049 997; baseline 0.002 -19"><span class='ocrx_word' id='word_1_34' title='bbox 197 920 393 978; x_wconf 80' lang='lat' dir='ltr'>exundantiae</span> <span class='ocrx_word' id='word_1_35' title='bbox 435 938 505 979; x_wconf 87' lang='lat' dir='ltr'>suae</span> <span class='ocrx_word' id='word_1_36' title='bbox 545 921 751 996; x_wconf 82' lang='lat' dir='ltr'>plenitudinis,</span> <span class='ocrx_word' id='word_1_37' title='bbox 793 939 882 997; x_wconf 90' lang='lat' dir='ltr'>quam</span> <span class='ocrx_word' id='word_1_38' title='bbox 913 924 1049 997; x_wconf 90' lang='lat' dir='ltr'>parentes</span> 
     </span>
     <span class='ocr_line' id='line_1_7' title="bbox 197 1027 1049 1103; baseline 0.002 -19"><span class='ocrx_word' id='word_1_39' title='bbox 197 1043 266 1084; x_wconf 89' lang='lat' dir='ltr'>suos</span> <span class='ocrx_word' id='word_1_40' title='bbox 290 1030 319 1084; x_wconf 92' lang='lat' dir='ltr'>et</span> <span class='ocrx_word' id='word_1_41' title='bbox 341 1027 459 1100; x_wconf 84' lang='lat' dir='ltr'>fratres,</span> <span class='ocrx_word' id='word_1_42' title='bbox 488 1044 561 1102; x_wconf 89' lang='lat' dir='ltr'>quos</span> <span class='ocrx_word' id='word_1_43' title='bbox 584 1027 691 1103; x_wconf 87' lang='lat' dir='ltr'>aspicit</span> <span class='ocrx_word' id='word_1_44' title='bbox 712 1032 756 1086; x_wconf 91' lang='lat' dir='ltr'>tot</span> <span class='ocrx_word' id='word_1_45' title='bbox 778 1032 808 1086; x_wconf 93' lang='lat' dir='ltr'>et</span> <span class='ocrx_word' id='word_1_46' title='bbox 829 1028 920 1086; x_wconf 86' lang='lat' dir='ltr'>tantis</span> <span class='ocrx_word' id='word_1_47' title='bbox 943 1027 1049 1086; x_wconf 89' lang='lat' dir='ltr'>debitis</span> 
     </span>
     <span class='ocr_line' id='line_1_8' title="bbox 132 1132 1049 1212; baseline 0 -22"><span class='ocrx_word' id='word_1_48' title='bbox 132 1208 134 1212; x_wconf 11' lang='grc' dir='ltr'><em>Α</em></span> <span class='ocrx_word' id='word_1_49' title='bbox 197 1132 338 1207; x_wconf 82' lang='lat' dir='ltr'>obligatus</span> <span class='ocrx_word' id='word_1_50' title='bbox 367 1136 495 1206; x_wconf 80' lang='lat' dir='ltr'>egestate</span> <span class='ocrx_word' id='word_1_51' title='bbox 522 1134 671 1192; x_wconf 79' lang='lat' dir='ltr'>tabescere</span> <span class='ocrx_word' id='word_1_52' title='bbox 697 1133 729 1191; x_wconf 90' lang='lat' dir='ltr'>in</span> <span class='ocrx_word' id='word_1_53' title='bbox 752 1133 895 1209; x_wconf 86' lang='lat' dir='ltr'>profundo</span> <span class='ocrx_word' id='word_1_54' title='bbox 918 1133 1049 1192; x_wconf 88' lang='lat' dir='ltr'>miseria-</span> 
     </span>
     <span class='ocr_line' id='line_1_9' title="bbox 195 1219 1048 1315; baseline 0.001 -21"><span class='ocrx_word' id='word_1_55' title='bbox 195 1256 274 1311; x_wconf 89' lang='lat' dir='ltr'>rum,</span> <span class='ocrx_word' id='word_1_56' title='bbox 297 1242 332 1296; x_wconf 93' lang='lat' dir='ltr'>ut</span> <span class='ocrx_word' id='word_1_57' title='bbox 353 1238 396 1296; x_wconf 92' lang='lat' dir='ltr'>eis</span> <span class='ocrx_word' id='word_1_58' title='bbox 419 1238 594 1312; x_wconf 78' lang='lat' dir='ltr'>dimittatur,</span> <span class='ocrx_word' id='word_1_59' title='bbox 619 1239 696 1315; x_wconf 86' lang='lat' dir='ltr'>quod</span> <span class='ocrx_word' id='word_1_60' title='bbox 716 1219 769 1315; x_wconf 84' lang='lat' dir='ltr'>pro</span> <span class='ocrx_word' id='word_1_61' title='bbox 788 1240 915 1315; x_wconf 90' lang='lat' dir='ltr'>peccatis</span> <span class='ocrx_word' id='word_1_62' title='bbox 934 1239 1048 1312; x_wconf 82' lang='lat' dir='ltr'>debent,</span> 
     </span>
     <span class='ocr_line' id='line_1_10' title="bbox 196 1343 883 1419; baseline 0.003 -18"><span class='ocrx_word' id='word_1_63' title='bbox 196 1347 225 1401; x_wconf 90' lang='lat' dir='ltr'>et</span> <span class='ocrx_word' id='word_1_64' title='bbox 247 1343 344 1417; x_wconf 90' lang='lat' dir='ltr'>detur,</span> <span class='ocrx_word' id='word_1_65' title='bbox 369 1361 426 1419; x_wconf 89' lang='lat' dir='ltr'>quo</span> <span class='ocrx_word' id='word_1_66' title='bbox 449 1348 567 1419; x_wconf 89' lang='lat' dir='ltr'>propter</span> <span class='ocrx_word' id='word_1_67' title='bbox 590 1349 743 1419; x_wconf 90' lang='lat' dir='ltr'>peccatum</span> <span class='ocrx_word' id='word_1_68' title='bbox 766 1344 883 1404; x_wconf 79' lang='lat' dir='ltr'>carent?</span> 
     </span>
     <span class='ocr_line' id='line_1_11' title="bbox 201 1449 1049 1524; baseline 0.008 -23"><span class='ocrx_word' id='word_1_69' title='bbox 201 1497 204 1501; x_wconf 91' lang='lat'>.</span> <span class='ocrx_word' id='word_1_70' title='bbox 261 1450 344 1508; x_wconf 89' lang='lat' dir='ltr'>Bosc.</span> <span class='ocrx_word' id='word_1_71' title='bbox 379 1449 463 1506; x_wconf 87' lang='lat' dir='ltr'>Nihil</span> <span class='ocrx_word' id='word_1_72' title='bbox 485 1449 699 1524; x_wconf 85' lang='lat' dir='ltr'>rationabilius,</span> <span class='ocrx_word' id='word_1_73' title='bbox 722 1451 800 1508; x_wconf 91' lang='lat' dir='ltr'>nihil</span> <span class='ocrx_word' id='word_1_74' title='bbox 818 1451 947 1524; x_wconf 87' lang='lat' dir='ltr'>dulcius,</span> <span class='ocrx_word' id='word_1_75' title='bbox 970 1450 1049 1509; x_wconf 89' lang='lat' dir='ltr'>nihil</span> 
     </span>
     <span class='ocr_line' id='line_1_12' title="bbox 194 1555 1048 1633; baseline 0.005 -21"><span class='ocrx_word' id='word_1_76' title='bbox 194 1555 416 1614; x_wconf 85' lang='lat' dir='ltr'>desiderabilius</span> <span class='ocrx_word' id='word_1_77' title='bbox 438 1556 567 1613; x_wconf 89' lang='lat' dir='ltr'>mundus</span> <span class='ocrx_word' id='word_1_78' title='bbox 585 1556 685 1615; x_wconf 92' lang='lat' dir='ltr'>audire</span> <span class='ocrx_word' id='word_1_79' title='bbox 704 1561 807 1632; x_wconf 85' lang='lat' dir='ltr'>potest.</span> <span class='ocrx_word' id='word_1_80' title='bbox 840 1556 903 1632; x_wconf 81' lang='lat' dir='ltr'>Ego</span> <span class='ocrx_word' id='word_1_81' title='bbox 922 1557 1048 1633; x_wconf 75' lang='lat' dir='ltr'>quippe2</span> 
     </span>
     <span class='ocr_line' id='line_1_13' title="bbox 194 1661 1097 1738; baseline 0.002 -20"><span class='ocrx_word' id='word_1_82' title='bbox 194 1665 305 1718; x_wconf 88' lang='lat' dir='ltr'>tantam</span> <span class='ocrx_word' id='word_1_83' title='bbox 332 1661 468 1719; x_wconf 91' lang='lat' dir='ltr'>fiduciam</span> <span class='ocrx_word' id='word_1_84' title='bbox 496 1679 534 1719; x_wconf 84' lang='lat' dir='ltr'>ex</span> <span class='ocrx_word' id='word_1_85' title='bbox 561 1662 616 1720; x_wconf 90' lang='lat' dir='ltr'>hcc</span> <span class='ocrx_word' id='word_1_86' title='bbox 638 1662 782 1738; x_wconf 86' lang='lat' dir='ltr'>concipic,</span> <span class='ocrx_word' id='word_1_87' title='bbox 810 1667 844 1722; x_wconf 93' lang='lat' dir='ltr'>ut</span> <span class='ocrx_word' id='word_1_88' title='bbox 866 1663 929 1738; x_wconf 83' lang='lat' dir='ltr'>jam</span> <span class='ocrx_word' id='word_1_89' title='bbox 951 1663 1048 1722; x_wconf 81' lang='lat' dir='ltr'>dicere</span> <span class='ocrx_word' id='word_1_90' title='bbox 1096 1717 1097 1720; x_wconf 74' lang='grc'>,</span> 
     </span>
     <span class='ocr_line' id='line_1_14' title="bbox 193 1766 1046 1842; baseline 0.004 -18"><span class='ocrx_word' id='word_1_91' title='bbox 193 1784 253 1825; x_wconf 89' lang='lat' dir='ltr'>ucn</span> <span class='ocrx_word' id='word_1_92' title='bbox 280 1766 403 1842; x_wconf 87' lang='lat' dir='ltr'>possim,</span> <span class='ocrx_word' id='word_1_93' title='bbox 437 1771 545 1842; x_wconf 88' lang='lat' dir='ltr'>quanto</span> <span class='ocrx_word' id='word_1_94' title='bbox 577 1768 682 1842; x_wconf 83' lang='lat' dir='ltr'>gaudie</span> <span class='ocrx_word' id='word_1_95' title='bbox 715 1769 829 1828; x_wconf 81' lang='lat' dir='ltr'>exultet</span> <span class='ocrx_word' id='word_1_96' title='bbox 859 1787 909 1828; x_wconf 86' lang='lat' dir='ltr'>cor</span> <span class='ocrx_word' id='word_1_97' title='bbox 939 1786 1046 1827; x_wconf 89' lang='lat' dir='ltr'>meum.</span> 
     </span>
     <span class='ocr_line' id='line_1_15' title="bbox 193 1872 1047 1950; baseline 0.004 -21"><span class='ocrx_word' id='word_1_98' title='bbox 193 1872 319 1931; x_wconf 87' lang='lat' dir='ltr'>Videtur</span> <span class='ocrx_word' id='word_1_99' title='bbox 346 1872 425 1931; x_wconf 86' lang='lat' dir='ltr'>enim</span> <span class='ocrx_word' id='word_1_100' title='bbox 447 1873 534 1946; x_wconf 91' lang='lat' dir='ltr'>mihi,</span> <span class='ocrx_word' id='word_1_101' title='bbox 563 1874 639 1950; x_wconf 86' lang='lat' dir='ltr'>quod</span> <span class='ocrx_word' id='word_1_102' title='bbox 666 1874 784 1932; x_wconf 90' lang='lat' dir='ltr'>nullum</span> <span class='ocrx_word' id='word_1_103' title='bbox 807 1875 956 1934; x_wconf 89' lang='lat' dir='ltr'>bominem</span> <span class='ocrx_word' id='word_1_104' title='bbox 977 1875 1047 1950; x_wconf 81' lang='lat' dir='ltr'>reji-</span> 
     </span>
     <span class='ocr_line' id='line_1_16' title="bbox 193 1977 999 2040; baseline 0.004 -4"><span class='ocrx_word' id='word_1_105' title='bbox 193 1979 251 2036; x_wconf 85' lang='lat' dir='ltr'>ciat</span> <span class='ocrx_word' id='word_1_106' title='bbox 273 1979 354 2036; x_wconf 88' lang='lat' dir='ltr'>Deus</span> <span class='ocrx_word' id='word_1_107' title='bbox 377 1977 433 2036; x_wconf 78' lang='lat' dir='ltr'>ad³</span> <span class='ocrx_word' id='word_1_108' title='bbox 456 1996 487 2037; x_wconf 89' lang='lat' dir='ltr'>se</span> <span class='ocrx_word' id='word_1_109' title='bbox 510 1979 565 2037; x_wconf 92' lang='lat' dir='ltr'>sub</span> <span class='ocrx_word' id='word_1_110' title='bbox 588 1979 643 2038; x_wconf 87' lang='lat' dir='ltr'>hoc</span> <span class='ocrx_word' id='word_1_111' title='bbox 664 1980 783 2039; x_wconf 90' lang='lat' dir='ltr'>nomine</span> <span class='ocrx_word' id='word_1_112' title='bbox 805 1981 999 2040; x_wconf 79' lang='lat' dir='ltr'>accedentem.</span> 
     </span>
     <span class='ocr_line' id='line_1_17' title="bbox 200 2084 1044 2162; baseline 0.007 -22"><span class='ocrx_word' id='word_1_113' title='bbox 200 2115 204 2122; x_wconf 92' lang='lat'>·</span> <span class='ocrx_word' id='word_1_114' title='bbox 258 2085 388 2143; x_wconf 80' lang='lat' dir='ltr'>Ansnnn.</span> <span class='ocrx_word' id='word_1_115' title='bbox 442 2084 488 2143; x_wconf 89' lang='lat' dir='ltr'>Ita</span> <span class='ocrx_word' id='word_1_116' title='bbox 519 2089 576 2159; x_wconf 86' lang='lat' dir='ltr'>est,</span> <span class='ocrx_word' id='word_1_117' title='bbox 612 2085 637 2143; x_wconf 89' lang='lat' dir='ltr'>si</span> <span class='ocrx_word' id='word_1_118' title='bbox 669 2086 781 2144; x_wconf 89' lang='lat' dir='ltr'>accedit</span> <span class='ocrx_word' id='word_1_119' title='bbox 813 2087 890 2145; x_wconf 88' lang='lat' dir='ltr'>sicut</span> <span class='ocrx_word' id='word_1_120' title='bbox 921 2091 1044 2162; x_wconf 86' lang='lat' dir='ltr'>oportet.</span> 
     </span>
     <span class='ocr_line' id='line_1_18' title="bbox 192 2188 1076 2268; baseline 0.003 -21"><span class='ocrx_word' id='word_1_121' title='bbox 192 2188 442 2262; x_wconf 73' lang='lat' dir='ltr'>Quemadmodum</span> <span class='ocrx_word' id='word_1_122' title='bbox 463 2195 562 2248; x_wconf 88' lang='lat' dir='ltr'>autem</span> <span class='ocrx_word' id='word_1_123' title='bbox 585 2190 624 2249; x_wconf 90' lang='lat' dir='ltr'>sit</span> <span class='ocrx_word' id='word_1_124' title='bbox 646 2192 683 2249; x_wconf 85' lang='lat' dir='ltr'>ad</span> <span class='ocrx_word' id='word_1_125' title='bbox 705 2197 803 2250; x_wconf 85' lang='lat' dir='ltr'>tantae</span> <span class='ocrx_word' id='word_1_126' title='bbox 821 2193 932 2268; x_wconf 83' lang='lat' dir='ltr'>gratiae</span> <span class='ocrx_word' id='word_1_127' title='bbox 954 2193 1045 2268; x_wconf 89' lang='lat' dir='ltr'>parti-</span> <span class='ocrx_word' id='word_1_128' title='bbox 1074 2205 1076 2208; x_wconf 87' lang='grc'><strong><em>·</em></strong></span> 
     </span>
     <span class='ocr_line' id='line_1_19' title="bbox 191 2297 1047 2373; baseline 0.002 -19"><span class='ocrx_word' id='word_1_129' title='bbox 191 2297 366 2371; x_wconf 88' lang='lat' dir='ltr'>cipationem</span> <span class='ocrx_word' id='word_1_130' title='bbox 401 2297 609 2370; x_wconf 89' lang='lat' dir='ltr'>accedendum,</span> <span class='ocrx_word' id='word_1_131' title='bbox 656 2301 686 2356; x_wconf 93' lang='lat' dir='ltr'>et</span> <span class='ocrx_word' id='word_1_132' title='bbox 721 2299 864 2373; x_wconf 86' lang='lat' dir='ltr'>quomodo</span> <span class='ocrx_word' id='word_1_133' title='bbox 901 2299 955 2358; x_wconf 90' lang='lat' dir='ltr'>sub</span> <span class='ocrx_word' id='word_1_134' title='bbox 992 2298 1047 2356; x_wconf 86' lang='lat' dir='ltr'>illa</span> 
     </span>
     <span class='ocr_line' id='line_1_20' title="bbox 189 2403 1045 2480; baseline 0.005 -21"><span class='ocrx_word' id='word_1_135' title='bbox 189 2403 360 2475; x_wconf 84' lang='lat' dir='ltr'>vivendum,</span> <span class='ocrx_word' id='word_1_136' title='bbox 383 2420 437 2461; x_wconf 87' lang='lat' dir='ltr'>nos</span> <span class='ocrx_word' id='word_1_137' title='bbox 460 2403 568 2479; x_wconf 88' lang='lat' dir='ltr'>ubique</span> <span class='ocrx_word' id='word_1_138' title='bbox 587 2421 668 2461; x_wconf 89' lang='lat' dir='ltr'>sacra</span> <span class='ocrx_word' id='word_1_139' title='bbox 687 2404 831 2478; x_wconf 90' lang='lat' dir='ltr'>scriptura</span> <span class='ocrx_word' id='word_1_140' title='bbox 849 2405 945 2479; x_wconf 87' lang='lat' dir='ltr'>dccet,</span> <span class='ocrx_word' id='word_1_141' title='bbox 969 2423 1045 2480; x_wconf 88' lang='lat' dir='ltr'>quae</span> 
     </span>
     <span class='ocr_line' id='line_1_21' title="bbox 190 2509 1043 2585; baseline 0.004 -19"><span class='ocrx_word' id='word_1_142' title='bbox 190 2526 279 2583; x_wconf 88' lang='lat' dir='ltr'>super</span> <span class='ocrx_word' id='word_1_143' title='bbox 311 2509 433 2567; x_wconf 83' lang='lat' dir='ltr'>solidam</span> <span class='ocrx_word' id='word_1_144' title='bbox 465 2509 630 2581; x_wconf 86' lang='lat' dir='ltr'>veritatem,</span> <span class='ocrx_word' id='word_1_145' title='bbox 668 2527 756 2585; x_wconf 90' lang='lat' dir='ltr'>quam</span> <span class='ocrx_word' id='word_1_146' title='bbox 792 2510 949 2584; x_wconf 88' lang='lat' dir='ltr'>adjuvante</span> <span class='ocrx_word' id='word_1_147' title='bbox 980 2510 1043 2569; x_wconf 90' lang='lat' dir='ltr'>Deo</span> 
     </span>
     <span class='ocr_line' id='line_1_22' title="bbox 188 2614 1043 2691; baseline 0.004 -21"><span class='ocrx_word' id='word_1_148' title='bbox 188 2614 374 2689; x_wconf 84' lang='lat' dir='ltr'>aliquatenus</span> <span class='ocrx_word' id='word_1_149' title='bbox 393 2615 612 2690; x_wconf 83' lang='lat' dir='ltr'>perspeximus,</span> <span class='ocrx_word' id='word_1_150' title='bbox 631 2615 713 2673; x_wconf 86' lang='lat' dir='ltr'>velut</span> <span class='ocrx_word' id='word_1_151' title='bbox 732 2633 822 2691; x_wconf 89' lang='lat' dir='ltr'>super</span> <span class='ocrx_word' id='word_1_152' title='bbox 838 2616 957 2674; x_wconf 89' lang='lat' dir='ltr'>firmum</span> <span class='ocrx_word' id='word_1_153' title='bbox 975 2616 1043 2673; x_wconf 86' lang='lat' dir='ltr'>fun-</span> 
     </span>
     <span class='ocr_line' id='line_1_23' title="bbox 188 2719 917 2798; baseline 0.004 -21"><span class='ocrx_word' id='word_1_154' title='bbox 188 2719 357 2778; x_wconf 89' lang='lat' dir='ltr'>damentum</span> <span class='ocrx_word' id='word_1_155' title='bbox 379 2719 520 2778; x_wconf 77' lang='lat' dir='ltr'>fundata4</span> <span class='ocrx_word' id='word_1_156' title='bbox 543 2725 595 2779; x_wconf 91' lang='lat' dir='ltr'>est.</span> <span class='ocrx_word' id='word_1_157' title='bbox 915 2792 917 2798; x_wconf 90' lang='lat'><em>.</em></span> 
     </span>
     <span class='ocr_line' id='line_1_24' title="bbox 140 2825 1044 2903; baseline 0.004 -20"><span class='ocrx_word' id='word_1_158' title='bbox 140 2865 143 2870; x_wconf 91' lang='lat'><em>-</em></span> <span class='ocrx_word' id='word_1_159' title='bbox 254 2826 337 2884; x_wconf 85' lang='lat' dir='ltr'>Bosa.</span> <span class='ocrx_word' id='word_1_160' title='bbox 370 2825 447 2884; x_wconf 87' lang='lat' dir='ltr'>Vere</span> <span class='ocrx_word' id='word_1_161' title='bbox 471 2826 613 2903; x_wconf 89' lang='lat' dir='ltr'>quidquid</span> <span class='ocrx_word' id='word_1_162' title='bbox 633 2844 722 2903; x_wconf 89' lang='lat' dir='ltr'>super</span> <span class='ocrx_word' id='word_1_163' title='bbox 740 2829 965 2886; x_wconf 82' lang='lat' dir='ltr'>fundamentum</span> <span class='ocrx_word' id='word_1_164' title='bbox 987 2828 1044 2888; x_wconf 90' lang='lat' dir='ltr'>hoc</span> 
     </span>
     <span class='ocr_line' id='line_1_25' title="bbox 187 2932 926 3008; baseline 0.004 -19"><span class='ocrx_word' id='word_1_165' title='bbox 187 2932 370 3004; x_wconf 89' lang='lat' dir='ltr'>aedificatur,</span> <span class='ocrx_word' id='word_1_166' title='bbox 395 2949 484 3007; x_wconf 91' lang='lat' dir='ltr'>super</span> <span class='ocrx_word' id='word_1_167' title='bbox 506 2933 620 2989; x_wconf 87' lang='lat' dir='ltr'>firmam</span> <span class='ocrx_word' id='word_1_168' title='bbox 642 2938 757 3008; x_wconf 84' lang='lat' dir='ltr'>petram</span> <span class='ocrx_word' id='word_1_169' title='bbox 779 2935 926 2992; x_wconf 87' lang='lat' dir='ltr'>fundatur.</span> 
     </span>
     <span class='ocr_line' id='line_1_26' title="bbox 253 3038 1041 3115; baseline 0.005 -21"><span class='ocrx_word' id='word_1_170' title='bbox 253 3039 384 3096; x_wconf 77' lang='lat' dir='ltr'>Amanum</span> <span class='ocrx_word' id='word_1_171' title='bbox 439 3038 514 3096; x_wconf 87' lang='lat' dir='ltr'>Puto</span> <span class='ocrx_word' id='word_1_172' title='bbox 550 3055 598 3096; x_wconf 90' lang='lat' dir='ltr'>me</span> <span class='ocrx_word' id='word_1_173' title='bbox 634 3039 851 3115; x_wconf 88' lang='lat' dir='ltr'>aliquantulum</span> <span class='ocrx_word' id='word_1_174' title='bbox 880 3041 942 3115; x_wconf 88' lang='lat' dir='ltr'>jam</span> <span class='ocrx_word' id='word_1_175' title='bbox 972 3044 1041 3099; x_wconf 89' lang='lat' dir='ltr'>tuae</span> 
     </span>
     <span class='ocr_line' id='line_1_27' title="bbox 187 3143 1044 3220; baseline 0.004 -18"><span class='ocrx_word' id='word_1_176' title='bbox 187 3144 366 3202; x_wconf 87' lang='lat' dir='ltr'>satisfecisse</span> <span class='ocrx_word' id='word_1_177' title='bbox 398 3143 573 3218; x_wconf 87' lang='lat' dir='ltr'>quaestioni,</span> <span class='ocrx_word' id='word_1_178' title='bbox 607 3145 741 3220; x_wconf 83' lang='lat' dir='ltr'>quamvis</span> <span class='ocrx_word' id='word_1_179' title='bbox 773 3146 829 3204; x_wconf 92' lang='lat' dir='ltr'>hoc</span> <span class='ocrx_word' id='word_1_180' title='bbox 861 3146 964 3204; x_wconf 89' lang='lat' dir='ltr'>melior</span> <span class='ocrx_word' id='word_1_181' title='bbox 994 3164 1044 3205; x_wconf 90' lang='lat' dir='ltr'>me</span> 
     </span>
    </p>
   </div>
   <div class='ocr_carea' id='block_1_3' title="bbox 249 3260 1041 3332">
    <p class='ocr_par' dir='ltr' id='par_1_3' title="bbox 249 3260 1041 3332">
     <span class='ocr_line' id='line_1_28' title="bbox 249 3260 1041 3332; baseline 0.001 -17"><span class='ocrx_word' id='word_1_182' title='bbox 249 3260 302 3315; x_wconf 74' lang='lat' dir='ltr'>¹ul.</span> <span class='ocrx_word' id='word_1_183' title='bbox 321 3261 440 3329; x_wconf 68' lang='lat' dir='ltr'>pridem.</span> <span class='ocrx_word' id='word_1_184' title='bbox 480 3260 532 3314; x_wconf 81' lang='lat' dir='ltr'>²al.</span> <span class='ocrx_word' id='word_1_185' title='bbox 548 3261 631 3315; x_wconf 77' lang='lat' dir='ltr'>enim.</span> <span class='ocrx_word' id='word_1_186' title='bbox 671 3261 723 3316; x_wconf 81' lang='lat' dir='ltr'>³al.</span> <span class='ocrx_word' id='word_1_187' title='bbox 738 3279 762 3316; x_wconf 58' lang='lat' dir='ltr'>‘a</span> <span class='ocrx_word' id='word_1_188' title='bbox 776 3279 812 3317; x_wconf 80' lang='lat' dir='ltr'>se.</span> <span class='ocrx_word' id='word_1_189' title='bbox 849 3263 1041 3332; x_wconf 76' lang='lat' dir='ltr'>⁴al.firmata.</span> 
     </span>
    </p>
   </div>
   <div class='ocr_carea' id='block_1_4' title="bbox 0 0 1144 3870">
    <p class='ocr_par' dir='ltr' id='par_1_4' title="bbox 0 0 1144 3870">
     <span class='ocr_line' id='line_1_29' title="bbox 0 0 1144 3870; baseline 0 4"><span class='ocrx_word' id='word_1_190' title='bbox 0 0 1144 3870; x_wconf 95' lang='lat' dir='ltr'> </span> 
     </span>
    </p>
   </div>
  </div>
 </body>
</html>
