2280 3870
51 311 121 399 ΤΝ
140 330 180 391 30
477 347 500 391 s.
525 346 656 391 insnum

39 394 110 501 κᾩμ

36 436 42 450 ιΙ
83 426 102 446 ἢν,

32 475 35 480 ,
60 462 64 471 t

3 488 20 509 <¹·
58 484 61 497 ι

17 512 60 592 ,3⁵
206 496 297 571 Boso(
336 509 419 567 Nihil
437 509 469 566 in
484 509 540 568 hae
557 527 589 568 re
603 509 745 568 libentius
759 490 884 584 accipio,
904 526 993 584 quam

1 589 14 615 ’ἦ
32 591 49 604 A
138 624 173 676 ut
195 617 251 676 hoo
274 621 394 693 paetum
417 617 494 675 inter
515 634 571 675 nos
594 615 792 675 communiter
815 620 959 675 servetur.

206 727 338 785 Ansnnn.
384 725 429 782 De
456 723 656 834 ineaffiatione
679 722 734 780 Dei
762 726 887 780 tantum
904 729 934 781 et
958 710 1006 782 de*

140 832 201 904 his,
239 837 314 909 quae
350 832 387 890 de
424 830 475 890 illo
512 783 644 890 assumti>
678 829 798 889 homine
836 828 995 903 oredimus,

140 939 275 1016 quaestio
298 944 351 998 est.

141 1091 143 1094 >
208 1046 291 1105 Boso.
337 1045 384 1104 Ita
407 1049 511 1137 est,

31 1201 57 1249 ι,
81 1181 122 1250 33
208 1155 340 1212 Ansnun.
385 1120 534 1211 Poiiainus
564 1170 647 1230 erge,
676 1151 731 1210 Dei
761 1144 1007 1238 incarnationem!

13 1250 80 1309 “ts''
113 1252 119 1343 '3
141 1266 171 1320 et
194 1275 269 1337 quae
291 1259 329 1318 de
352 1258 404 1318 illo
420 1259 546 1318 dicimus
562 1258 693 1333 homine,
716 1275 870 1334 nunquam
889 1258 996 1341 fuisse3

14 1345 19 1356 ¹
116 1400 118 1439 3
141 1372 172 1426 et
200 1372 315 1426 constet
341 1365 419 1424 inter
445 1383 526 1440 noa,
546 1364 695 1424 hominem
723 1382 788 1424 esse
819 1365 932 1424 foetum
959 1365 996 1423 ad

117 1454 119 1481 ’
141 1472 368 1546 beatitudinem,
393 1491 468 1549 quae
490 1473 523 1530 in
546 1473 601 1532 hae
616 1472 677 1531 vita
691 1472 794 1530 haberi
809 1489 868 1529 non
885 1476 996 1548 potest,

106 1566 110 1574 ¹
142 1598 198 1639 neo
230 1580 266 1638 ad
294 1580 376 1639 illam
409 1597 497 1656 posse
528 1580 682 1654 pervenire
715 1597 906 1658 quemquam,
939 1578 998 1637 nisi

143 1686 277 1746 dimissis
295 1686 437 1763 peccatis,
456 1704 511 1746 nee
529 1686 626 1745 ullum
642 1685 792 1745 hominem
811 1687 888 1744 hano
905 1685 998 1743 vitam

142 1795 270 1854 transire
298 1793 363 1852 sine
390 1800 523 1869 peceato,
551 1798 581 1852 et
608 1792 678 1866 alia,
707 1810 832 1869 quorum
859 1792 934 1851 fides
961 1791 1000 1850 ad

144 1901 270 1960 salntem
293 1906 442 1959 aeternnm
465 1901 632 1960 necessaria
654 1905 709 1959 est.

211 2008 295 2067 Boso.
341 2007 387 2066 ita
410 2008 474 2085 fiat3
499 2009 568 2084 quia
586 2006 663 2065 nihil
678 2007 710 2065 in
726 2005 773 2065 his
788 2004 1000 2064 inconveniens

144 2120 196 2174 aut
217 2115 402 2191 impossibile
424 2116 487 2174 Deo
509 2114 634 2174 videtur.

211 2223 342 2280 Ansnnn
388 2222 564 2281 Necessaria
592 2226 638 2281 est
669 2221 762 2296 igitur
789 2217 901 2278 homini
931 2236 1000 2294 peo-

132 2334 278 2387 *oatorum
301 2329 448 2402 remissio,
477 2333 511 2386 ut
539 2328 576 2386 ad
599 2327 811 2386 beatitudinem
838 2326 998 2402 perveniat.

213 2435 295 2495 Boso.
343 2435 391 2495 Sie
414 2452 517 2495 onmes
539 2439 684 2494 tenemus.

486 2609 577 2673 OAP.
602 2609 660 2672 XI.

145 2786 147 2791 ⁴
241 2733 310 2799 Quid
328 2734 362 2785 sit
380 2749 490 2801 peecare
510 2735 536 2786 et
554 2748 601 2800 pro
620 2735 727 2800 peceato
746 2731 905 2785 satisfacere.

213 2863 345 2922 Ausnnn.
391 2862 599 2936 Quaerendum
617 2868 663 2922 est
681 2862 787 2938 igitur,
811 2880 870 2938 qua
888 2859 1001 2920 ratione

78 2970 81 2975 ⁴
146 2971 228 3028 Deus
265 2969 394 3030 dimittat
429 2975 549 3047 peecata
585 2969 774 3029 hominibus?
808 2974 838 3028 et
875 2973 909 3034 ut
945 2967 1001 3026 hoe

147 3076 290 3136 faciamus
311 3078 454 3154 apertius,
480 3077 565 3153 prius
584 3076 757 3150 videamus,
775 3075 847 3152 quid
871 3076 911 3134 sit
933 3092 1001 3150 pee-

147 3202 226 3258 care,
250 3184 376 3260 etquid
399 3203 450 3260 pro
474 3190 594 3260 peceato
618 3184 797 3243 satisfacere.

213 3292 298 3350 Boso
330 3290 428 3348 Tuum
442 3296 487 3350 est
502 3291 669 3370 ostendere,
684 3296 713 3350 et
727 3309 826 3350 meum
840 3288 1001 3349 intendere.
