2280 3870
373 365 432 408 cua
454 364 532 409 unus
554 346 659 409 ncnc?
904 347 947 408 43

87 545 150 586 non
173 532 300 604 possunt
326 526 392 585 ideo
420 527 468 604 (ut
490 531 605 585 taceam
632 525 798 603 qu0m0d01
822 527 878 586 hoc
900 545 947 586 re-

89 651 224 712 pugnare
252 633 387 693 videatur
417 633 531 709 primae
564 633 720 692 creationis
752 633 946 709 perfectioni),

86 743 162 819 quia
184 759 244 801 non
266 741 386 814 debent,
414 739 473 798 nisi
496 740 572 799 tales
595 757 661 799 esse
684 740 814 816 possint,
843 740 947 818 quales

85 849 137 907 illi
164 848 305 922 fuissent,
339 846 364 904 si
392 865 451 906 non
478 852 664 923 peccassent,
697 865 766 906 cum
793 847 840 906 illi
862 848 948 906 nulla

90 955 155 1015 visa
181 953 313 1015 vindicta
343 953 456 1030 peccati
483 960 738 1030 perseverassent3
772 955 851 1032 quod
880 960 949 1031 post

90 1062 211 1122 illorum
234 1079 338 1120 casum
360 1060 440 1131 aliis,
469 1060 521 1137 qui
548 1078 603 1136 pro
626 1061 688 1123 illis
711 1062 946 1135 restituerentur,

86 1174 171 1228 esset
203 1167 396 1245 impossibil.
442 1166 510 1226 Non
539 1167 617 1226 enim
645 1169 758 1244 pariter
784 1168 948 1228 laudabiles

86 1280 177 1354 sunt,
207 1275 233 1334 si
257 1279 338 1334 stant
360 1274 391 1332 in
414 1274 551 1348 veritate,
580 1279 610 1333 et
633 1275 686 1352 qui
709 1275 824 1334 nullam
846 1275 948 1334 novit²

90 1381 206 1460 peccati
226 1399 360 1458 poenam,
384 1381 484 1457 etqui
504 1399 569 1440 eam
590 1399 708 1458 semper
727 1381 836 1458 aspicit
854 1387 948 1441 aeter·

87 1507 169 1549 nam.
203 1488 282 1549 Nam
304 1506 490 1565 nequaquam
515 1489 681 1564 putandum
704 1493 758 1563 est,
782 1490 874 1548 bonos
896 1507 948 1547 an-

91 1596 174 1673 gelos
202 1613 269 1655 esse
301 1595 488 1654 confirmatos
521 1612 593 1654 casu
622 1595 781 1674 malcrum,
815 1595 867 1654 sed
895 1613 948 1654 sno

92 1703 207 1764 merito.
254 1701 338 1762 Sicut
365 1720 507 1779 namque,
536 1703 562 1760 si
586 1703 655 1761 boni
679 1721 746 1761 cum
770 1702 857 1761 malis
880 1719 948 1778 pec·

85 1815 223 1884 cassant,
256 1808 347 1868 simul
378 1808 509 1867 damnati
538 1814 650 1883 essent,
683 1809 726 1868 ita
752 1809 890 1885 injusti,3
923 1810 949 1867 si

90 1935 161 1977 cum
180 1916 273 1994 justis
297 1916 463 1989 stetissent,
487 1915 599 1992 pariter
622 1916 787 1975 confirmati
811 1916 948 1976 fuissent.

87 2022 210 2101 Quippe
238 2023 264 2083 si
291 2023 385 2100 aliqui
412 2041 514 2081 eorum
546 2041 606 2083 non
633 2023 692 2082 nisi
725 2041 796 2082 casu
823 2023 949 2082 aliorum

86 2129 286 2190 confirmandi
301 2136 397 2189 erant:
421 2134 472 2188 aut
487 2129 589 2189 nullus
609 2149 741 2206 unquam
762 2132 949 2189 confirmare-

91 2242 154 2309 tur,
186 2242 238 2296 aut
260 2254 382 2295 neccsse
410 2241 472 2295 erat
499 2236 630 2314 aliquem
656 2255 807 2311 casurum,
836 2237 887 2314 qui
910 2237 948 2296 ad

85 2342 186 2403 ali0s⁴
208 2343 424 2402 confirmandos
451 2344 620 2421 puniretur3
650 2363 725 2421 quae
747 2351 872 2421 utraque
895 2341 948 2402 ab·

87 2449 182 2510 surda
215 2456 292 2509 sunt.
340 2450 397 2508 Illo
429 2451 529 2527 itaque
561 2453 647 2511 modo
680 2451 845 2510 confirmati
878 2456 949 2510 sunt

87 2556 151 2629 illi,
178 2556 231 2635 qui
254 2563 413 2631 steterunt,
442 2577 501 2635 quc
528 2558 638 2635 pariter
661 2558 825 2617 confirmed
849 2563 948 2617 essent

86 2681 206 2739 cmnes,
225 2664 250 2724 si
269 2665 434 2741 stetissent;
454 2665 565 2742 quem⁵
580 2666 700 2724 modum
721 2665 848 2739 ostendi,
872 2665 949 2723 sicut

87 2771 184 2849 potui,
207 2772 259 2831 ubi
283 2772 414 2846 tractavi,
438 2790 492 2831 cur
513 2772 596 2831 Deus
619 2773 734 2831 diabolo
758 2790 948 2849 perseveran-

87 2878 165 2937 tiam
187 2896 247 2937 non
269 2878 359 2938 dedit.

132 2985 242 3044 .B0sc
294 2985 429 3045 Probasti
467 2986 560 3045 malos
596 2987 718 3062 angelos
750 2986 786 3044 de
820 2987 949 3043 humana

88 3097 198 3152 natura
220 3093 442 3169 restaurandos,
467 3098 497 3152 et
515 3098 596 3169 patet
612 3111 650 3151 ex
665 3093 721 3151 hac
738 3093 859 3166 ratione,
880 3093 949 3168 quia

165 3229 176 3260 ¹
194 3230 227 3283 al.
248 3230 391 3299 quoniam.
467 3230 528 3283 ²al.
548 3236 668 3284 novarat.
744 3229 805 3282 ³al.
818 3229 903 3298 justi.

165 3319 177 3349 ⁴
196 3319 229 3374 al.
248 3320 323 3372 illos.
398 3319 408 3349 ⁶
427 3319 459 3372 al.
480 3320 720 3388 quemadmodum.
