2280 3870
403 335 462 379 cna
485 335 563 379 orus
586 315 688 380 nono?
930 317 970 378 27

118 497 248 557 traxisse
275 497 325 556 vel
351 496 521 574 impulisse:
555 497 622 574 quis
649 515 709 556 non
732 497 843 571 videat,
871 497 974 556 eadem

117 605 232 664 ratione
246 603 416 664 mandatum
431 603 489 678 illi,
504 611 538 662 ut
548 609 672 663 mortem
687 604 847 663 sustineret
860 610 974 680 sponte,
1021 584 1025 593 ’

117 717 147 771 et
175 711 311 786 calicem,
340 729 429 787 quem
457 729 518 770 non
545 710 656 769 invitus
683 712 808 785 biberet,
837 710 974 770 dedisse?

117 819 158 878 llt
185 818 212 877 si
234 806 328 878 Filius
356 818 413 877 sibi
436 836 496 876 non
523 818 703 894 pepercisse,
732 818 785 877 sed
811 836 865 894 pro
888 818 974 876 nobis
1120 890 1137 905 ..

119 930 281 1002 spontanea
312 925 463 985 voluntate
501 943 534 985 se
569 925 669 1001 ipsum
704 924 861 984 tradidisse
895 900 1133 1031 ιθοιθέῌιίἵΑ

118 1031 241 1105 dicitur,
266 1032 333 1108 quis
356 1037 458 1108 neget,
482 1036 561 1092 recte
580 1031 652 1105 dici,
676 1031 745 1108 quia
758 1031 859 1104 Pater,
882 1046 1007 1107 aquo&
1022 1016 1139 1113 ῥιπὶ

118 1139 210 1199 talem
237 1139 340 1198 habuit
363 1139 559 1213 voluntatem,
586 1137 632 1196 illi
660 1155 719 1197 non
747 1138 893 1214 pepercit,
921 1138 974 1197 sed
1020 1152 1095 1229 „a

118 1264 172 1323 pro
195 1246 281 1305 nobis
303 1246 426 1305 tradidit
449 1245 548 1319 illum,
571 1249 602 1304 et
625 1250 751 1304 mortem
774 1244 838 1320 ejus
862 1245 982 1311 volniti„
996 1222 1018 1262 ρ
1046 1226 1049 1231 ’

118 1353 185 1413 Hoc
213 1352 302 1412 etiam
329 1352 417 1413 modo
444 1351 689 1413 indeclinaln‘liter
720 1356 750 1411 et
780 1357 885 1427 sponte
914 1369 975 1410 ser·

120 1460 217 1520 vando
235 1465 386 1536 acceptam
404 1459 587 1519 voluntatem
610 1478 628 1517 a
646 1459 747 1532 Patre,
766 1458 860 1518 lilius
878 1460 975 1518 factus

120 1572 167 1627 est
189 1566 236 1625 illi
259 1566 397 1627 obediens
420 1566 576 1643 usquead
598 1571 736 1642 mortem3
761 1571 792 1625 et
811 1565 914 1625 didicit
937 1585 975 1625 ex
1092 1582 1094 1587 ·

120 1673 182 1748 his,
198 1692 281 1750 ‘quae
304 1691 411 1750 passus
434 1678 493 1750 est,
518 1672 727 1746 obedientiam,
750 1673 862 1747 idest,
886 1675 975 1749 quam

120 1798 229 1857 magna
256 1799 305 1840 res
331 1779 465 1839 facienda
493 1779 532 1840 sit
563 1798 617 1856 per
644 1779 847 1840 obedientiam.
898 1779 975 1839 Nam

121 1892 193 1947 tame
216 1892 262 1947 est
283 1905 353 1946 vera
375 1890 405 1946 et
428 1886 557 1963 simplex
585 1887 762 1961 obedientia,
792 1905 860 1946 cum
887 1887 976 1946 ratio-

120 1994 199 2054 nalis
221 1998 355 2054 creatura
378 2012 437 2052 non
458 1993 648 2068 necessitate,
672 1994 726 2053 sed
750 2000 855 2070 sponte
879 1998 977 2053 servat

122 2101 304 2161 voluntatem
326 2120 344 2160 a
361 2102 423 2160 Deo
446 2107 605 2178 acceptam.
647 2100 725 2159 Aliis
744 2119 861 2177 quoqne
880 2101 976 2160 modis

121 2213 203 2268 recte
225 2226 384 2285 possumus
408 2209 527 2268 Patrem
549 2207 680 2267 voluisse
699 2207 766 2266 Filii
789 2213 912 2267 mortem
931 2208 976 2266 in·

121 2314 272 2391 telligere,
308 2316 443 2392 quamvis
477 2315 528 2374 isti
561 2314 677 2391 possint
709 2314 854 2374 sufficere.
900 2315 976 2373 Nam

123 2421 201 2481 sicut
216 2422 294 2482 velle
310 2422 436 2482 dicimus
452 2441 533 2496 erun,
557 2423 609 2499 qui
629 2421 712 2494 facit,
736 2427 769 2480 ut
791 2421 868 2480 alius
891 2421 976 2498 velit,

122 2527 164 2588 ita
178 2529 281 2588 etiam
308 2529 434 2588 dicimus
457 2548 526 2588 eum
548 2529 639 2603 velle,
669 2528 720 2605 qui
747 2546 807 2587 non
832 2530 915 2602 facit,
944 2535 978 2587 ut

122 2635 199 2695 alins
231 2636 317 2710 velit,
351 2637 404 2695 sed
435 2637 588 2714 approbat,
623 2636 692 2713 quia
719 2635 797 2710 vult3
830 2641 877 2709 ut,
909 2654 977 2694 cum

124 2742 260 2802 videmus
283 2743 413 2819 aliquem
433 2744 547 2802 fortiter
566 2744 627 2820 pati
646 2745 723 2802 velle
742 2742 920 2816 molestiam,
944 2748 978 2801 ut

123 2849 268 2926 perficiat,
292 2848 372 2927 quod
394 2850 470 2909 bene
487 2851 565 2925 milt3
590 2851 725 2926 quamvis
743 2852 899 2923 fateamur,
923 2867 977 2908 nos

123 2940 214 3030 vella,
250 2962 284 3017 ut
315 2957 398 3015 illam
430 2975 554 3033 poenam
588 2958 745 3029 sustineat,
782 2975 842 3016 non
878 2962 977 3014 tamen

100 3042 261 3141 'volumus
288 3071 339 3123 aut
366 3081 499 3123 amamus
527 3082 652 3140 poenam
684 3064 761 3140 ejus,
794 3065 847 3122 sed
873 3063 977 3121 volun-

124 3175 223 3259 tqtem.
268 3171 360 3230 illurn
388 3188 518 3248 quoque,
551 3171 602 3247 spui
630 3171 784 3248 prohibere
812 3175 920 3247 potest,
949 3176 978 3228 et

123 3264 183 3336 non
216 3278 365 3354 prohibet,
401 3278 529 3337 solemus
558 3275 668 3352 dicere,
702 3278 771 3354 quia
803 3277 868 3368 urdt
900 3277 978 3352 qnod
